2284 3436
599 134 661 192 Q
724 135 770 179 U
858 136 903 178 A
985 133 1028 179 R
1107 132 1156 176 T
1237 137 1283 180 U
1364 138 1427 184 S.
1783 157 1847 203 41

267 204 389 265 Quis
433 206 582 254 laetam
625 207 745 253 reete
789 210 969 257 Sortem
1011 205 1254 274 designat?
1297 209 1340 253 8<
1384 207 1476 254 illis

266 281 382 328 Vita
424 282 551 330 beata
595 281 715 330 aliud
759 281 1010 347 quidnam,
1052 282 1133 330 nisi
1176 280 1291 329 Vita
1337 283 1495 338 beata,
1537 282 1628 330 est?

268 359 459 405 Naturae
504 357 669 405 callem
712 357 974 422 linquentes
1017 358 1148 404 stulta
1188 356 1460 420 sequamur:

263 432 492 480 Conditio
535 450 832 497 quaecumque
874 434 1047 498 potest,
1091 431 1378 498 Personaque
1419 431 1587 497 apisci,
1860 454 1926 501 30

266 507 396 565 Quin
442 511 665 556 Extrema
708 525 862 574 petat,
903 507 1049 554 felicis
1092 525 1281 554 munera
1321 507 1469 555 Sortis

266 582 445 639 Obvia,
495 584 600 630 dum
645 585 753 630 l'anae
794 585 886 630 dux
925 582 976 628 sit
1018 581 1264 629 Sententia
1304 581 1518 647 Mentis3

259 658 349 715 Et,
394 659 504 706 licet
545 660 662 706 haud
704 675 830 723 aequa
874 656 1018 702 tristes
1062 656 1114 702 de
1155 659 1287 703 Sorte
1328 672 1597 720 queramur,

259 734 572 782 Communem
614 735 820 781 mulcent
863 731 1126 779 communia
1168 731 1354 780 Gaudia
1396 727 1611 782 Sensum.

265 809 375 855 Esto
416 828 616 868 memor,
659 806 868 857 mortalis
908 810 1097 855 Homo:
1143 844 1172 865 „
1216 806 1543 854 communibus
1586 807 1766 858 Orbem
1858 829 1920 876 35

189 916 221 941 „
262 883 492 950 Legibus,
536 884 653 932 haud
697 883 839 949 privis
886 883 1147 930 communis
1189 882 1338 930 Causa
1379 883 1634 951 gubernat3
1663 920 1695 943 „

264 961 354 1019 Et,
397 969 534 1024 quam
575 960 751 1008 felicem
796 978 878 1008 nos
918 965 1097 1007 Sortem
1140 959 1236 1024 jure
1279 975 1531 1018 vocamus,

262 1037 374 1081 Non
418 1035 499 1083 uni
545 1052 726 1082 tantum
768 1036 845 1081 dat
885 1035 1078 1094 habere,
1121 1033 1194 1081 sed
1234 1032 1453 1081 omnibus
1497 1034 1623 1083 ultro

262 1110 508 1175 Largitur3
550 1128 696 1174 neque
739 1113 845 1157 Sors
886 1109 1028 1168 felix,
1068 1126 1168 1174 quae
1209 1107 1412 1176 contigit
1457 1110 1570 1167 uni,

261 1185 374 1230 Non
414 1183 529 1231 alios
570 1185 712 1231 etiam
754 1185 884 1249 super
927 1183 1156 1232 inclinata
1197 1183 1453 1232 recumbit:
1851 1206 1922 1251 40

261 1258 402 1305 Haud
444 1260 567 1306 Exul
610 1259 757 1317 ferus,
802 1259 922 1306 haud
960 1259 1073 1306 fastu
1115 1260 1324 1306 demente
1368 1262 1650 1320 TyrannuS,

260 1334 493 1382 Horridus
536 1334 655 1382 haud
696 1335 817 1382 antri
860 1335 1032 1382 Cultor
1075 1335 1155 1381 fibi
1198 1333 1361 1383 sufficit
1404 1351 1550 1393 unus,

265 1410 454 1474 Qique
498 1415 660 1457 Genus
704 1407 822 1476 fugit
864 1409 1140 1467 humanum,
1183 1412 1227 1457 3<
1271 1408 1414 1475 magis
1455 1409 1672 1458 omnibus
1713 1411 1851 1475 odit,

267 1483 593 1533 Admirantem
640 1484 871 1549 aliquem,
918 1485 990 1532 vel
1031 1502 1207 1533 certum
1248 1484 1410 1549 quaerit
1455 1484 1706 1535 Amicum.

255 1559 432 1619 Tolle,
476 1577 642 1626 putans
684 1562 802 1608 alter
842 1560 897 1607 de
937 1576 982 1607 te
1022 1559 1135 1626 quid
1178 1561 1372 1626 sentiat3
1411 1560 1566 1607 omnis
1855 1580 1920 1627 45

259 1636 379 1684 Ecce
420 1635 694 1701 Voluptatis
732 1634 816 1684 flos
856 1634 1073 1702 languet,
1120 1634 1278 1683 deficit
1319 1636 1475 1683 omnis

258 1709 455 1759 Gloria.
499 1712 686 1777 Cuique
729 1712 812 1760 suae
853 1711 956 1759 sunt
998 1727 1145 1777 partes
1184 1711 1359 1769 Sortis,
1402 1711 1448 1758 ὃ(
1487 1708 1607 1757 ultra

256 1787 398 1844 Quod
441 1787 585 1849 petis,
627 1787 745 1832 haud
792 1785 942 1832 media
983 1786 1195 1850 pensabit
1239 1803 1367 1849 parte
1412 1784 1676 1834 Dolorem.

263 1860 342 1908 Est
385 1862 519 1907 Ordo
560 1860 674 1908 Caeli
720 1863 820 1907 Lex
859 1860 1043 1924 prima:
1085 1858 1324 1924 potentior
1367 1858 1476 1907 inde

250 1935 356 1995 Est,
397 1934 621 2000 debetque
664 1934 808 1997 alius,
850 1934 925 1982 vel
966 1933 1111 1982 ditior
1152 1935 1267 1992 effe,
1315 1933 1519 2000 magisve
1861 1952 1928 1998 50

263 2010 365 2058 Vir*
397 2010 535 2058 solers
580 2011 706 2077 alio3
748 2009 848 2069 sed,
882 2009 963 2076 qui
1008 2011 1153 2078 magis
1198 2009 1305 2057 inde
1349 2009 1534 2056 beatum

254 2089 502 2151 Quemque
545 2102 736 2151 putant,
782 2104 889 2134 vera
931 2086 1089 2151 procul
1129 2104 1153 2134 a
1193 2086 1402 2135 Ratione
1446 2082 1684 2132 feruntur.

255 2163 377 2227 Erga
420 2178 581 2208 ornnes
623 2161 765 2228 igitur
802 2161 868 2209 fas
912 2161 1070 2224 justum
1114 2161 1264 2209 dicere
1305 2161 1515 2219 Caelum,

256 2236 652 2301 Quandoquidem
694 2235 828 2301 parili
872 2240 1103 2285 Mortales
1145 2242 1278 2285 Sorte
1320 2235 1544 2291 beantur,

257 2315 429 2360 Mutua
472 2330 611 2378 quam
653 2314 833 2361 cunetis
873 2313 1020 2380 magis
1060 2313 1256 2377 amplam
1300 2310 1449 2359 reddit
1491 2308 1710 2377 Egestas;
1857 2326 1916 2373 55

251 2388 529 2453 Cun&aque
572 2391 764 2437 Naturae
806 2389 984 2436 servant
1026 2387 1290 2437 discrimina
1334 2391 1529 2444 Pacem,

265 2465 397 2522 Quin
441 2469 594 2512 Status
637 2464 712 2511 hie
753 2464 998 2530 quicquam
1039 2465 1219 2529 dispar,
1266 2461 1591 2528 Adjunsstaque
1637 2474 1845 2508 mutent.

258 2538 340 2588 Est
377 2535 495 2585 felix
538 2557 663 2604 aeque
703 2541 782 2603 qui
826 2539 944 2605 Regi
986 2539 1219 2599 subditur,
1261 2557 1310 2586 ac
1357 2542 1492 2594 Rex,

254 2612 481 2661 Defsnsus
524 2616 695 2678 pariter
736 2632 840 2662 cum
884 2614 1137 2662 Defensore
1184 2614 1368 2670 beatus,

254 2688 447 2753 Quique
487 2707 641 2748 amat,
683 2708 732 2737 ac
780 2689 903 2736 dulci
949 2690 1120 2754 paritet·
1161 2688 1242 2754 qui
1288 2687 1454 2756 gautlet
1496 2682 1698 2737 Amico.
1850 2691 1919 2737 60

254 2768 324 2812 Ut
368 2780 664 2812 communem
708 2766 929 2812 Animam
969 2766 984 2828 (
1026 2783 1045 2815 1
1083 2767 1139 2832 ),
1183 2765 1445 2814 communis
1487 2761 1674 2813 Gaudia
1714 2757 1866 2810 Sortis

1358 2840 1397 2885 F
1767 2835 1842 2883 Sic

155 2933 174 2977 (
204 2942 219 2969 ι
251 2933 272 2980 )
301 2932 488 2970 Virtutem
518 2933 615 2971 suam
645 2932 689 2970 ad
717 2933 842 2970 omnia
872 2932 1140 2984 pertinentem.
