2284 3436
728 140 777 184 O
887 137 938 185 D
1056 135 1099 180 E
1276 137 1325 199 J·

351 213 493 263 Ultro
534 209 698 261 obvias
743 212 965 260 candente
1004 205 1149 257 Musae

396 291 452 336 In
493 287 623 336 radio
667 285 861 334 volitare
902 285 1100 341 formaS,

285 367 332 412 A
373 364 480 411 Sole
521 362 728 427 inempta
770 362 870 411 luce
915 357 1144 409 coloribus

286 437 438 486 Solem
481 438 772 504 aernulantes3
814 436 966 503 surget
1007 435 1057 484 in
1098 430 1236 481 ardua

360 511 558 573 Enisus‚
601 516 646 560 8<
691 514 875 578 vulgare
916 510 1044 559 cursu

398 587 651 636 Tranfiliet
690 587 898 653 fugiente
939 589 1106 633 Fatum
1132 621 1144 643 ‚

276 659 430 709 Pulcri
472 662 592 726 quod
634 661 750 710 infra
784 660 917 708 distat
957 657 1011 705 ab
1050 657 1223 705 Orbita

281 737 490 784 Immane
534 753 790 801 quantum,
829 747 1056 799 quantum
1099 734 1240 781 etiam
1281 729 1411 796 supra

362 817 407 860 A
449 811 565 858 Fine
606 811 720 877 justo
761 806 1057 858 Granditatis

402 885 519 935 Alta
559 902 714 952 petens
755 883 956 934 nimium
997 883 1203 932 recedit.

711 1028 1097 1097 ODE
1261 1026 1375 1094 II.

952 1200 1129 1245 Βαντίας
1147 1232 1158 1244 .

304 1345 432 1396 Uina
471 1349 544 1394 Te
586 1349 693 1395 Rex
731 1345 748 1410 (
783 1361 800 1390 1
837 1345 854 1409 )
890 1362 1088 1413 occupet
1126 1344 1307 1413 Impie,

133 1347 303 1493 R
342 1426 615 1486 Sternatque
654 1419 829 1468 vexilla
867 1421 1107 1488 opperiens
1145 1427 1326 1482 Pavor,

356 1496 576 1546 Viffioriae
616 1495 830 1562 quamvis
870 1498 1061 1546 rubente

394 1571 654 1620 Luxurient
692 1587 891 1620 recreata
932 1590 1105 1637 penna,

278 1645 531 1712 Lentisque
573 1646 783 1712 spernant
824 1664 924 1695 aera
967 1647 1165 1695 lusibus,

284 1726 397 1771 Non
437 1740 517 1769 aere
557 1722 727 1780 Castis,
769 1740 862 1770 non
904 1721 1019 1771 Tibi
1060 1720 1208 1771 nexili

365 1795 531 1843 Lorica
571 1795 866 1858 circumsepta
905 1796 1052 1857 ferro,

405 1874 518 1919 Non
556 1874 695 1930 Tua,
737 1869 830 1916 dire
872 1871 1126 1931 Tyranne,
1167 1869 1332 1921 Virtus

288 1943 450 1993 Noetu
494 1944 759 2010 ingruentes
800 1944 1031 1993 sufficient
1073 1961 1220 1993 metus

291 2023 406 2067 Tuae
446 2019 632 2067 τεάιιὲὶο
665 2017 844 2067 Mentis
885 2019 938 2066 ab
980 2020 1146 2086 angulo

355 2094 848 2159 A1·cere,‘fletusque,
892 2097 936 2142 ὃς
981 2095 1164 2142 vibrata

401 2168 686 2216 cambriaeae
730 2171 746 2233 (
781 2189 806 2218 2.
844 2168 858 2230 )
904 2169 1149 2217 malediffta
1191 2167 1395 2217 Gentis.

280 2241 372 2291 His
413 2243 615 2291 Eduardi
657 2242 852 2291 vocibus
893 2260 1106 2292 attonans

287 2317 474 2375 Festum
517 2333 779 2366 comantem
821 2317 1047 2366 Silvicola
1087 2318 1269 2376 obruit,

354 2397 440 2441 Per
481 2392 644 2458 hispidi
687 2393 979 2441 Snovvdonis
1026 2396 1042 2459 (
1081 2412 1102 2454 3
1138 2391 1154 2454 )
1202 2393 1378 2459 asprum

397 2467 521 2516 Cum
566 2469 763 2516 traheret
806 2467 922 2515 latus
964 2469 1053 2515 Ille
1093 2485 1293 2516 turmas.

1841 359 1932 419 ¹85

1845 742 1940 784 190

1878 2029 1938 2061 10

1874 2402 1929 2445 15

1721 2539 1865 2586 Gioc·

182 2677 204 2726 (
232 2690 248 2715 1
279 2679 299 2726 )
326 2680 417 2715 Cum
446 2677 627 2716 Eduardus
668 2682 746 2715 Rex
772 2692 791 2717 e
820 2681 1004 2716 Norman-
1057 2680 1152 2717 stiles
1181 2693 1306 2718 manus
1334 2680 1491 2728 elapsum
1520 2678 1645 2715 omnia
1677 2677 1771 2714 mala
1799 2675 1937 2712 Eduar-

133 2726 217 2765 nica
247 2730 349 2779 stirpe
379 2730 527 2767 Henrici
570 2729 778 2767 111.fi1ius
820 2730 1002 2767 william
1056 2731 1102 2767 do
1131 2734 1207 2780 Reg
1188 2733 1221 2768 σί
1246 2759 1258 2780 ,
1297 2731 1441 2781 ejusque
1482 2729 1626 2779 posteris
1668 2729 1934 2775 imprecantem

132 2779 325 2817 nardorum
367 2782 520 2830 patriam
562 2782 796 2830 occuuaffe‚t
849 2782 1009 2825 juffiffet-
1062 2782 1228 2821 inducit.

133 2841 204 2875 que
232 2857 246 2888 ².
283 2838 320 2868 ut
360 2833 463 2868 Bardi
494 2844 617 2868 omnes
644 2859 654 2876 ,
701 2832 764 2880 qui
806 2831 1008 2881 superstites
1112 2834 1196 2881 (2)
1223 2834 1365 2871 wallia
1393 2833 1483 2870 olim
1513 2831 1685 2868 cambria
1714 2827 1812 2866 dicti
1837 2827 1934 2864 fuit.

134 2880 210 2926 post
237 2881 420 2929 ingentem
449 2883 591 2920 cladem
620 2883 788 2929 inissent,
818 2883 896 2920 neci
926 2894 1000 2919 tra·
1105 2884 1123 2930 (
1155 2896 1172 2933 3
1204 2886 1222 2931 )
1252 2885 1477 2922 Snovvdonis
1507 2882 1648 2918 nomine
1679 2880 1843 2918 Arvoniae
1872 2879 1938 2916 Al-

135 2933 324 2978 dei-entur,
337 2935 444 2970 Poeta
473 2934 584 2971 noster
614 2947 721 2971 unum
751 2948 794 2971 ex
826 2934 902 2972 illis
934 2933 998 2971 ho-
1054 2947 1117 2984 pes
1149 2934 1251 2974 tessae
1281 2935 1428 2974 nivibus
1457 2932 1689 2970 indicantur.
