2284 3436
382 180 446 234 78
786 180 834 226 T
875 180 925 224 H
965 173 1012 225 Ο
1055 178 1114 224 Μ
1153 177 1214 223 AE
1328 176 1374 223 G
1414 179 1460 225 R
1502 178 1546 224 A
1587 180 1625 227 Y

446 248 718 317 Rui·igenae.,
757 251 1035 317 quicumque
1074 251 1180 307 sua,
1225 248 1498 299 clauduntur
1537 250 1586 299 in
1629 251 1754 301 aresta

599 326 748 389 Sopiti
789 327 899 374 cella
942 343 1118 391 tempus
1165 324 1212 371 in
1253 342 1391 373 omne
1431 328 1615 376 Patres.

441 404 559 450 Non
600 404 710 448 Vox
751 401 980 450 thurifer-3
1019 399 1207 448 Aurorae
1247 401 1461 467 spirantis
1503 401 1552 450 in
1593 419 1727 461 aura,

595 479 709 524 Non
755 494 853 540 quat
895 477 949 524 de
990 475 1153 525 culmis
1196 475 1360 524 trinsat
1401 476 1602 526 hirundo
1642 477 1781 537 casae,

440 557 553 601 Non
595 550 707 615 galli
749 552 965 617 clangor,
1006 568 1097 599 non
1138 551 1228 617 jam
1273 549 1523 599 resonabile
1565 569 1709 601 cornu

582 630 744 691 Eriget
787 644 843 673 ex
884 625 1051 674 humili
1092 627 1279 691 peffmra
1318 625 1452 673 strata
1493 642 1622 675 toro.

438 706 552 752 Non
595 699 692 748 illis
734 700 861 748 focus
904 702 1108 759 ardebit,
1154 719 1248 748 non
1292 701 1441 749 sedula
1481 702 1579 749 sero

584 781 722 824 Uxor
758 775 901 823 adibit
944 794 1088 841 opus,
1126 793 1206 824 nec
1249 777 1391 842 patris
1431 775 1486 823 ad
1528 774 1728 825 reditum

433 854 692 900 Accurrent
731 850 852 898 balbi
893 852 1019 908 nati,
1064 869 1146 900 nec
1188 851 1302 899 bafia
1344 850 1520 900 circum

589 930 757 975 Genua
799 924 1068 990 adrepentes
1108 927 1342 975 invidiosa
1384 941 1571 991 petent.

432 1001 536 1050 Illis
579 999 687 1065 saepe
730 999 850 1066 seges
894 1002 1012 1048 ceffit
1053 999 1139 1049 sub'
1171 1002 1288 1050 falce
1327 1002 1527 1059 reseffia,

582 1080 701 1138 Saepe
743 1074 840 1120 illis
881 1074 992 1120 duro
1034 1075 1165 1138 gleba
1205 1076 1396 1122 resi-aesta
1432 1074 1536 1121 solo
1572 1073 1670 1120 est.

428 1155 497 1199 Ut
541 1149 632 1196 laeti
671 1147 841 1212 junfi‘tis
883 1148 1117 1212 petierunt
1159 1166 1266 1196 arva
1306 1148 1551 1214 juvencis!

577 1225 643 1269 Ut
683 1221 860 1288 gemuit
900 1223 1065 1269 validis
1107 1221 1277 1271 iestibus
1315 1241 1455 1272 omne
1502 1227 1691 1272 nemus!

426 1302 543 1348 Non
588 1296 698 1344 almi
739 1296 958 1346 Ambitio
995 1296 1171 1360 spernat
1216 1297 1452 1347 benefaSta
1489 1297 1691 1354 laboris,

569 1371 753 1420 Gaudia
792 1374 837 1419 ὅ(
877 1370 961 1419 illa
1000 1372 1194 1429 domus,
1233 1372 1421 1437 fataque
1462 1372 1584 1421 teSta
1627 1373 1743 1419 s1tu:

416 1450 531 1498 Non
571 1445 843 1512 dedignanti
884 1445 1123 1494 subridens.
1162 1447 1318 1495 audiat
1359 1465 1469 1496 aure
1688 1468 1698 1475 „

574 1520 731 1569 Fastus
775 1520 1049 1587 simplicium
1092 1521 1281 1587 parvula
1320 1521 1440 1588 gesta
1482 1521 1663 1570 virum.

419 1596 720 1664 Splendorem
761 1596 973 1663 generis,
1017 1597 1263 1662 praelustria
1306 1597 1547 1654 Nomina,
1589 1595 1830 1661 opesque,

567 1670 810 1736 Quidquid
850 1673 895 1719 δε
932 1670 1024 1736 ipse
1064 1673 1259 1731 Decor,
1300 1671 1595 1736 Divitiaeque
1628 1671 1810 1730 ferunt

419 1750 638 1812 Occupat
677 1762 772 1794 atra
810 1762 949 1811 aeque
975 1763 1071 1794 non
1110 1746 1354 1797 evitabilis
1393 1752 1557 1806 Hora,

564 1819 818 1885 Gloriaque
862 1821 910 1867 in
957 1821 1190 1869 tumulum
1231 1822 1395 1888 dirigit
1435 1824 1529 1870 alta
1580 1820 1713 1867 vias,

413 1899 483 1944 At
528 1899 608 1944 Tu
660 1914 718 1943 ne
760 1894 883 1943 vitio
924 1900 1059 1945 Gens
1098 1912 1229 1945 verte
1269 1894 1487 1962 superba,
1525 1895 1649 1961 quod
1703 1892 1794 1942 illis

568 1970 884 2031 Mnemosyne
924 1970 974 2019 in
1018 1971 1194 2020 bustum
1235 1972 1364 2020 nulla
1406 1987 1576 2036 tropaea
1613 1972 1775 2018 levet-

410 2044 502 2094 Sub
544 2045 701 2112 longis
746 2044 863 2105 alis,
906 2045 1087 2095 crustati
1127 2048 1174 2093 8<
1210 2045 1387 2094 fornice
1431 2044 1619 2111 templi,

562 2119 735 2168 Laudis
783 2119 861 2167 ubi
903 2120 1076 2169 resonis
1128 2122 1314 2169 intonat
1357 2138 1463 2169 aura
1509 2120 1694 2168 modis.

413 2201 494 2244 An
530 2194 698 2261 primas
747 2194 950 2243 animam
994 2195 1046 2244 in
1087 2195 1210 2245 sedes
1254 2213 1471 2245 revocare
1508 2195 1717 2262 fugacem
1755 2233 1758 2235 .

555 2267 776 2319 Artifices
815 2287 960 2329 urnae,
1007 2271 1173 2319 saxave
1208 2269 1322 2319 viva
1367 2270 1576 2337 queant?

409 2348 494 2395 An
533 2343 704 2393 tacitos
745 2346 918 2394 cineres
961 2349 1137 2395 Honor
1172 2346 1347 2395 excitet
1388 2364 1498 2403 ore,
1546 2343 1793 2410 placensve

563 2419 821 2468 Blandities
861 2420 1015 2487 gelida
1058 2420 1237 2470 Mortis
1279 2421 1331 2469 in
1376 2439 1487 2470 aure
1527 2417 1689 2468 sonet?

415 2494 533 2543 Fors
571 2498 670 2542 Cor
709 2495 938 2561 neglec'stus
978 2497 1144 2561 premit
1184 2497 1380 2564 angulus
1422 2495 1503 2544 ille
1542 2495 1799 2560 repostum,

554 2569 695 2630 Quod
739 2572 924 2635 plenum
962 2571 1164 2620 aetheriis
1207 2571 1390 2639 ignibus
1428 2571 1555 2619 intus.
1594 2587 1725 2630 erat,

411 2644 529 2691 Fors
569 2646 800 2693 Dextram
840 2645 1025 2712 imperii
1058 2648 1164 2696 data
1204 2647 1376 2712 sceptra
1414 2663 1572 2695 tenere
1609 2645 1877 2704 valentem,

566 2723 667 2768 Aut
711 2719 849 2769 vivas
889 2722 1025 2769 oestro
1065 2721 1318 2770 sollicitare
1358 2721 1498 2770 fides.

416 2791 498 2841 Ast
530 2793 683 2858 ampla
710 2795 782 2843 his
822 2813 1057 2860 nunquam
1090 2798 1322 2846 D0&rina
1359 2795 1613 2846 Volumina
1655 2793 1767 2860 lapsi

571 2868 742 2918 Ditata
781 2869 966 2920 exuviis
1002 2872 1251 2948 Temgoris
1289 2871 1559 2939 explicuit;

2022 277 2082 320 13

2000 2134 2076 2179 40>

1998 2506 2062 2552 45

2001 2880 2064 2927 50

1845 2936 1997 3008 Frigi-
