2284 3436
724 88 1547 137 CARMINA.
1825 62 2009 151 123²?

712 245 784 290 Ne
824 239 1018 298 mireris,
1057 239 1253 305 Benigne
1290 239 1441 288 Leffor
1470 277 1483 300 ‚

282 386 822 462 ELEGIAE
936 386 1445 456 THOMAE
1555 386 1942 458 GRAY

235 562 465 620 Verfionem
508 566 690 611 alteram
730 578 853 610 extra
893 563 1033 609 locum
1074 561 1158 609 tibi
1186 562 1316 620 sisti.
1344 561 1424 608 Ad
1461 560 1511 608 id
1549 562 1659 608 enim
1697 581 1788 622 me,
1813 577 1961 628 prope.

405 641 604 688 rantibus
642 641 704 686 ad
731 635 874 702 finem
909 637 1087 700 praelis,
1130 656 1303 695 eorum,
1345 653 1522 701 quorum
1557 638 1798 699 plurimum

659 716 783 779 apud
822 732 886 761 me
925 713 1078 782 vqlere
1120 714 1247 759 debet
1283 710 1554 769 austorita's,

891 785 1114 842 consilium
1156 787 1368 850 impulit.

631 939 1576 994 TROCHAICUM.

340 1128 553 1197 Anguidi
594 1130 745 1197 fugam
787 1129 880 1180 diei
923 1126 1112 1178 nuntiat
1155 1126 1308 1176 miffus
1347 1145 1465 1178 cavo

378 1211 488 1255 AEre
528 1207 752 1257 tinnitus:
794 1220 995 1272 pererrat
1036 1205 1244 1270 mugiens
1284 1204 1417 1252 lento
1458 1202 1603 1271 gradu

337 1282 496 1330 Littus
537 1290 828 1341 armentum,
870 1279 1106 1345 trahitque
1147 1277 1249 1327 feffa
1287 1279 1495 1328 fervidus
1536 1279 1727 1330 domurn

345 1358 564 1406 Membra
607 1374 788 1416 arator,
827 1373 967 1422 atque
1007 1350 1248 1405 Mundum
1290 1354 1467 1420 linquit
1507 1355 1707 1415 umbriS,
1748 1358 1795 1405 δε
1833 1357 1951 1406 mihi
1995 1394 2004 1405 .

347 1427 559 1494 Deficit,
602 1432 816 1500 fugitque
859 1431 983 1480 visus
1020 1429 1170 1479 forma
1209 1431 1397 1489 Terrae,
1439 1431 1485 1478 8<
1534 1430 1738 1482 AEtheris
1975 1451 1997 1497 5

340 1507 485 1556 Vasta
523 1510 617 1557 late
659 1507 831 1575 templa
869 1522 1051 1557 mutum
1092 1505 1280 1572 poffidet
1320 1505 1590 1572 filentium3

341 1584 504 1631 Rauca
543 1583 689 1633 solum
729 1582 1017 1633 melolonthe
1056 1580 1099 1631 se
1139 1597 1262 1631 rotat
1303 1581 1608 1647 strepentibus

347 1659 501 1706 Triste
544 1658 593 1707 in
632 1657 756 1717 alis,
800 1662 845 1706 &
886 1660 1046 1723 sopora
1087 1657 1190 1704 lene
1231 1656 1552 1704 tintinnabula

346 1732 552 1781 Abditos
596 1733 753 1797 procul
793 1734 1051 1781 remulcent
1092 1730 1263 1778 fascino
1306 1730 1408 1779 soni
1450 1748 1644 1799 grege33

348 1807 480 1854 Bubo
527 1807 674 1856 solum
715 1822 837 1856 turre
877 1807 933 1855 ab
973 1805 1083 1866 illa,
1123 1823 1263 1869 quam
1305 1806 1516 1866 corymbi
1561 1803 1744 1855 tortiles
1944 1826 2006 1860 10

347 1880 515 1930 Nexili
558 1882 754 1949 cingunt
793 1881 998 1939 amiG’tu,
1042 1879 1377 1948 cogitabundus
1419 1879 1567 1946 gemit

346 1957 428 2004 Ad
470 1957 600 2022 jubar
640 1960 817 2019 Lunae,
853 1956 1076 2021 doletque
1117 1973 1231 2004 caeca
1272 1956 1570 2005 oberrantum
1610 1957 1725 2023 pede

343 2033 510 2098 Regna
552 2032 755 2092 turbari,
798 2032 982 2081 vetustae
1022 2048 1162 2096 regna
1203 2029 1495 2079 solitudinis.

346 2105 538 2172 Asperis
578 2106 674 2156 illis
716 2107 796 2156 sub
840 2107 1007 2164 ulmis,
1049 2105 1267 2171 illiusque
1310 2107 1512 2154 luridam

352 2182 481 2229 Taxi
522 2182 577 2229 ad
620 2182 863 2239 umbram,
906 2199 995 2247 qua
1035 2196 1265 2229 tumentes
1308 2180 1555 2245 pulverans
1597 2181 1644 2228 in
1685 2199 1868 2250 aggeres
1929 2198 1985 2249 ¹3

353 2256 509 2304 Gleba
549 2255 726 2323 surgit,
771 2256 891 2305 cella
930 2257 979 2305 in
1019 2255 1143 2304 arcia
1186 2253 1375 2321 quisque
1416 2253 1596 2304 conditi
1636 2255 1711 2304 sua

350 2330 497 2380 Ruris
537 2331 748 2397 antiqui,
791 2330 1009 2398 rudesque
1050 2330 1288 2380 dormiunt
1327 2329 1463 2380 semel
1506 2335 1694 2381 Patres·

348 2409 466 2456 Non
507 2406 688 2455 Favoni
731 2424 826 2455 vox
865 2406 914 2454 in
957 2424 1062 2455 aura
1105 2407 1212 2454 thus
1253 2406 1424 2455 olentis
1467 2407 1667 2473 primulo

351 2482 531 2541 Mane,
570 2500 661 2530 non
703 2481 900 2530 hirundo
943 2482 1137 2531 trinsans
1168 2481 1350 2548 hispidae
1389 2501 1413 2531 e
1452 2482 1615 2532 culmis
1659 2483 1794 2543 casae‚

348 2558 454 2605 Nec
495 2556 607 2606 sono
646 2557 835 2606 stridens
881 2573 1017 2606 acuto
1060 2558 1239 2626 gallus,
1281 2574 1359 2606 aut
1399 2560 1687 2625 crepantium
1938 2574 2007 2608 20

349 2632 597 2681 Cornuum
637 2632 830 2701 clangor
868 2632 1092 2682 resultans
1130 2633 1355 2684 excitabit
1395 2635 1594 2700 amplius

349 2706 522 2757 Infimo
568 2726 670 2757 toro
710 2710 943 2776 jacentes;
981 2727 1073 2758 non
1117 2709 1237 2757 heris
1277 2708 1404 2759 focus
1443 2709 1531 2758 suis

354 2784 573 2850 Amplius
616 2784 886 2835 flammante
929 2785 1031 2835 luce
1071 2784 1325 2852 fulgurabit
1368 2785 1580 2854 ignium,
1815 2858 1863 2906 N

1169 2862 1228 2920 Q
1302 2880 1324 2908 2
1868 2873 1931 2905 on
