2284 3436
365 177 429 231 98
719 169 1240 225 JJOANNIS
1345 171 1716 220 COSTA

452 249 638 309 Jamque
681 242 936 292 coruscanti
977 239 1251 306 trepidantia
1291 242 1413 291 colla
1455 241 1595 293 securi

593 317 822 378 Subdere,
864 321 910 368 δε
947 319 1184 369 incautum
1224 332 1375 365 morte
1420 317 1544 382 piare
1587 318 1743 367 nefas:

437 398 596 443 Morte
639 393 761 458 piare
805 394 954 452 nefas,
998 392 1179 441 veniam
1223 391 1297 440 cui
1339 392 1525 458 quisque
1568 392 1784 449 dedisset,

595 469 676 515 Sed
713 487 850 533 quam
898 488 989 517 non
1034 467 1210 516 Consul
1256 484 1346 515 non
1393 467 1518 516 dedit
1563 468 1647 516 Ille
1689 469 1849 515 Pater.

436 549 558 593 Saeve
605 547 768 599 Pater,
814 562 930 591 caeco
972 544 1122 607 potius
1163 541 1277 608 quin
1321 560 1499 591 carcere
1541 543 1693 591 claudi

588 617 781 675 Jusfisti,
824 637 901 667 aut
943 619 1037 666 alio
1080 619 1241 667 ducere
1286 618 1334 665 in
1378 618 1497 666 orbe·
1529 618 1626 667 dies

442 691 638 740 Finibus
676 693 843 760 eje&os
885 694 1073 759 patriis,
1118 712 1174 742 ne
1218 692 1393 758 prorsus
1437 694 1646 760 adempta

587 765 674 814 Illa
717 767 837 826 tibi,
883 771 928 815 &
969 768 1128 816 Patriae
1173 767 1267 833 spes
1311 769 1428 816 foret
1469 770 1563 817 alta
1607 783 1729 826 tuae,

439 845 542 890 Ceu
590 841 746 898 stella,
794 844 982 891 aetherio
1022 860 1118 908 quae
1160 843 1242 890 vix
1282 843 1390 891 dum
1433 844 1555 892 lucet
1600 843 1646 892 in
1689 858 1803 899 axe,

593 917 789 966 Occulit
829 919 1044 982 aequoreis
1083 917 1239 965 nobile
1278 918 1435 967 lumen
1479 919 1639 983 aquis?

447 988 659 1038 Hoccine
706 991 918 1039 Libertas
961 993 1108 1056 pretio
1153 991 1455 1040 redimenda?
1503 1011 1587 1040 nec
1628 1009 1718 1042 una

595 1065 781 1112 Foedari
824 1066 928 1112 satis
969 1067 1029 1111 est
1069 1064 1242 1118 moenia
1283 1067 1398 1111 caede
1441 1066 1621 1112 Remi?

449 1142 562 1198 Qiae
604 1139 695 1186 fera
739 1138 785 1184 in
829 1137 1008 1202 Alpino
1050 1154 1273 1203 prognata
1317 1138 1556 1188 cacumine
1589 1156 1722 1188 natos

603 1216 818 1278 Unquam
859 1212 1087 1279 discerpsit
1130 1228 1274 1263 mater
1314 1214 1473 1279 iniqua
1512 1214 1647 1264 suos?

446 1285 658 1337 Nullane
703 1306 772 1336 res
816 1287 970 1354 potuit
1013 1289 1188 1337 miseris
1231 1289 1487 1338 succurrere
1529 1290 1693 1348 τέως,

599 1363 855 1428 Liberaque
896 1364 1085 1432 indigno
1128 1364 1300 1412 solvere
1343 1365 1465 1412 colla
1503 1366 1641 1432 jugo,

445 1434 516 1485 Ni
560 1437 711 1502 patrio
752 1437 837 1486 sese
885 1439 1112 1505 spoliasset
1155 1438 1340 1487 nomine
1382 1440 1560 1500 Judex,

605 1516 668 1561 Et
711 1513 808 1561 dira
850 1515 1051 1579 Imperio
1092 1510 1391 1563 consuluisset
1430 1515 1550 1580 ope?

448 1589 558 1633 Heu
597 1587 754 1635 dolor!
797 1588 884 1636 heu
929 1589 1099 1655 pietas!
1143 1589 1272 1655 quali
1314 1589 1371 1638 sic
1414 1591 1559 1656 prima
1599 1605 1788 1657 repente

615 1662 718 1709 Ie‘m
758 1661 979 1712 fulmineo
1019 1665 1124 1712 caesa
1164 1667 1358 1720 Juventa
1401 1666 1549 1729 jacet!

456 1739 567 1796 Quo
607 1735 954 1803 septemgemini
1000 1740 1291 1787 maculantur
1332 1739 1525 1787 crimine
1565 1737 1731 1789 colles!

618 1814 861 1870 Quantum
906 1814 1108 1861 Romani
1151 1812 1382 1878 sanguinis
1423 1814 1567 1861 hausit
1608 1815 1799 1862 humus!

465 1890 545 1934 Tu
582 1885 741 1933 saltem
784 1886 998 1936 lacrimas
1039 1905 1249 1936 natorum
1298 1887 1346 1934 in
1390 1887 1580 1945 funere,
1624 1891 1811 1946 Roma,

608 1961 770 2009 Funde
818 1963 945 2027 piaS,
988 1962 1104 2011 caris
1148 1961 1370 2011 Manibus
1414 1962 1628 2020 inferias,

471 2035 864 2100 Quandoquidem
906 2041 1040 2084 Pater
1078 2037 1169 2103 ipse
1209 2036 1273 2085 sui
1315 2037 1406 2102 jam
1448 2036 1683 2105 sanguinis
1723 2034 1846 2086 ultor

614 2111 841 2175 Expediit
882 2111 1013 2160 duras
1060 2112 1108 2160 in
1150 2113 1224 2160 sua
1264 2112 1429 2160 damna
1473 2130 1657 2162 manus,

457 2188 504 2233 O
552 2185 730 2233 utinam
777 2204 914 2242 tunc.
955 2205 1058 2234 curn
1103 2206 1179 2252 per
1217 2187 1362 2235 amica
1406 2186 1588 2235 silentia
1635 2185 1783 2234 ηοδὶῐε

619 2262 848 2308 Matronae
888 2261 1115 2310 inta&urn
1161 2260 1180 2324 (
1218 2280 1235 2312 1
1271 2261 1287 2323 )
1332 2266 1495 2310 Sextus
1534 2261 1656 2310 adire
1696 2276 1849 2311 torum

459 2333 690 2399 Nequitia
731 2333 967 2400 superante
1011 2337 1223 2403 parabat,
1264 2335 1311 2383 in
1363 2336 1529 2385 intima
1571 2334 1689 2385 lethi

624 2413 820 2459 Tartara
860 2411 1014 2460 veloci
1056 2411 1367 2477 praecipitaffet
1411 2430 1567 2477 equo,

458 2483 552 2532 Vel
597 2483 670 2532 sua
715 2486 914 2535 membra
956 2486 1106 2535 avidis
1151 2487 1310 2535 misere
1354 2487 1595 2535 laceranda
1635 2484 1824 2535 dedisset

617 2558 842 2627 Tigribus
885 2563 933 2609 in
975 2562 1081 2610 solis
1122 2561 1266 2627 turpis
1307 2562 1483 2612 adulter
1524 2561 1665 2629 agris!

468 2637 596 2684 Nonv
631 2650 712 2692 tu,
754 2637 943 2699 Tybri,
984 2637 1101 2687 fores
1140 2639 1263 2687 casus
1308 2638 1534 2704 spe&ator
1573 2636 1752 2696 acerbi,

613 2713 716 2758 Nec
755 2711 877 2761 foret
919 2729 1025 2763 ante
1068 2731 1169 2765 tuos
1214 2713 1442 2784 sanguinis
1483 2714 1601 2765 unda
1641 2711 1800 2780 pedes·

362 2944 380 2991 (
410 2956 425 2982 x
459 2947 478 2993 >
506 2949 631 2987 Sextus
657 2947 903 2999 Tarquinius.

2045 637 2106 670 ¹0

2047 1009 2103 1056 Ῑ5

2044 1384 2112 1416 20

2045 1754 2106 1800 25

2050 2125 2116 2173 30

1926 2782 2048 2832 Ecce
