2284 3436
743 132 773 176 S
815 131 859 176 E
901 130 942 175 C
986 130 1029 174 U
1071 131 1121 174 N
1163 130 1213 174 D
1252 132 1297 176 U
1341 133 1400 176 S.
1803 153 1861 182 2⁴

285 204 487 255 Eboraci
530 203 707 261 cultor,
751 206 944 262 Scotus,
986 199 1087 249 sunt
1131 201 1374 260 Orcades,
1420 203 1607 269 inquit;
1838 169 1859 200 ³

287 280 379 329 His
422 280 628 338 Gronia,
665 278 737 326 his
776 276 967 326 Zembla
1005 277 1098 336 est,
1140 276 1212 325 vel
1252 278 1369 325 alius
1411 293 1531 325 terra
1571 282 1812 339 Tyranni.

286 360 449 426 Nemo·
483 358 674 422 gradum
713 353 755 401 se
796 353 836 401 se
876 351 1006 401 Vitii
1048 351 1246 419 tetigisse
1292 352 1578 418 supremum,
1839 380 1932 424 223

284 430 494 497 Longius
532 431 593 478 ast
636 429 779 478 alium
818 428 898 478 fibi
941 431 1031 493 jam
1072 428 1320 494 praecedcre
1353 428 1529 487 credit,

284 509 477 570 Atque,
520 505 598 552 sub
647 505 731 552 hac
771 501 921 549 veluti
961 503 1097 548 Zona
1137 502 1422 567 quicumque
1467 519 1678 564 tenetur,

281 584 380 629 Aut
421 579 560 628 sentit
604 578 749 636 nihil,
791 593 869 624 aut
911 574 1056 622 ullum
1099 593 1240 640 negat
1278 578 1360 622 esse
1401 576 1633 635 furorem,

280 659 347 703 Ec
389 655 513 720 quod
554 656 700 702 multa
739 667 940 699 tremens
982 652 1168 698 Natura
1208 649 1388 697 beatior
1431 650 1616 713 horret,

285 733 445 780 Durus
488 729 531 778 id
575 730 659 777 effe
701 732 884 777 Bonum
924 723 1031 774 dirae
1064 741 1197 791 putat
1239 725 1399 774 Incola
1438 726 1602 776 Sedis.
1845 750 1942 795 230

284 804 477 853 Virtute
519 804 638 852 haud
681 801 764 851 ulli
805 801 870 849 fas
908 800 968 848 est
1012 802 1028 865 (
1071 819 1089 850 1
1125 800 1184 868 J,
1224 800 1459 866 Vitioque
1499 821 1682 871 carere3

282 880 426 928 Pauci
469 895 674 927 extrema
715 893 907 944 petunt:
949 875 1165 943 gradibus
1207 891 1365 924 tamen
1412 877 1624 926 addimur
1661 896 1854 930 ornnes:

281 959 346 1002 Et
386 956 566 1002 Stultus
607 953 822 1019 Sapiens,
864 952 1014 1000 subito
1055 952 1214 1000 Malus
1257 950 1429 1018 impete
1475 954 1740 1014 Honestus,

284 1031 463 1095 Impete
502 1029 556 1076 fit
596 1029 750 1077 subito
794 1027 965 1085 Reffi,
1009 1028 1133 1091 quod
1174 1028 1374 1092 spernit,
1421 1045 1628 1078 amator:

284 1105 424 1152 Haud
466 1104 556 1152 toti
599 1102 829 1168 sequimur
866 1102 932 1149 fas
971 1119 1138 1160 omne,
1184 1101 1393 1161 nefasve,
1437 1104 1649 1171 regitque
1840 1127 1938 1170 235

286 1181 452 1226 Privus
494 1183 644 1226 Amor
687 1179 908 1235 Vitium,
953 1180 998 1224 ὅ(
1039 1176 1210 1242 pariter
1253 1177 1462 1225 Virtutis
1502 1180 1751 1229 honorem.

281 1259 349 1300 At
394 1252 570 1301 varium
612 1252 661 1300 in
705 1251 891 1300 Mundo
930 1269 1033 1300 cum
1078 1252 1283 1317 speE'cent
1325 1251 1499 1319 singula
1542 1254 1736 1317 Finem,

282 1332 422 1377 Hunc
464 1331 624 1388 Deus,
663 1328 786 1376 hunc
828 1345 1000 1387 unum,
1040 1328 1122 1392 qui
1163 1327 1282 1375 Toti
1330 1328 1580 1394 prospicit,
1626 1348 1785 1398 urget.

287 1405 378 1451 Ille
419 1403 723 1462 libidinibus,
764 1402 1010 1468 nostrisque
1055 1401 1284 1450 erroribus
1327 1402 1417 1450 alte

287 1479 537 1538 Occurrit,
578 1478 792 1543 fallitque
834 1477 961 1536 vias,
1003 1496 1239 1542 artemque
1280 1478 1512 1546 nocendi;
1837 1502 1938 1547 240

280 1553 369 1601 Ille
412 1556 490 1603 dat
533 1555 581 1600 in
623 1553 791 1619 quovis
831 1552 990 1601 felices
1034 1553 1216 1601 Ordine
1259 1552 1439 1619 lapsus,
1483 1556 1500 1620 (
1538 1574 1564 1605 2.
1601 1556 1619 1618 )

279 1629 417 1676 Unde
461 1629 618 1677 Puella
660 1629 862 1694 pudenS,
902 1633 1128 1678 Matrona
1172 1628 1383 1695 superba,
1429 1628 1646 1679 Minister

282 1705 475 1770 Imperii
519 1705 739 1763 timidus,
774 1708 888 1752 Dux
928 1705 1105 1763 audax,
1149 1704 1332 1752 credula
1375 1705 1564 1766 Turba,

274 1783 340 1826 Et
381 1780 541 1844 populi
587 1780 797 1838 Ιὶιῖὲιοι·3
836 1780 917 1842 qui
962 1780 1032 1826 nil
1074 1796 1167 1826 non
1209 1794 1391 1844 arroget
1434 1778 1609 1828 armis.

277 1857 353 1900 Ex
395 1871 519 1901 vano
563 1853 683 1918 potis
726 1853 806 1902 ille
847 1852 1086 1918 Cupidine
1128 1852 1250 1900 nulla
1296 1869 1541 1917 petentum
1784 1858 1787 1862 ’
1837 1876 1933 1923 245

281 1928 500 1988 Praemia,
542 1928 591 1974 ni
633 1928 869 1988 Laudem,
912 1927 1121 1975 Virtutis
1162 1927 1325 1975 ducere
1368 1931 1586 1994 Lumeng

276 2002 604 2068 Laetitiamque
648 2002 907 2051 Hominum
950 2003 1136 2069 generi,
1180 2006 1469 2065 Pacemque,
1513 2003 1761 2071 Decusque

280 2080 336 2125 In
382 2078 511 2127 vitiis
554 2077 751 2139 Animi,
792 2080 838 2126 ὃ(
877 2079 1008 2126 rebus
1049 2077 1244 2126 molitur
1283 2078 1469 2145 egenis.

275 2157 450 2201 Mutua
493 2170 596 2202 cum
639 2153 811 2218 sapiens
853 2171 936 2202 nos
977 2153 1103 2202 inter
1143 2153 1302 2201 munia
1346 2156 1541 2202 Numen

280 2229 422 2277 Ponit:
449 2228 598 2287 Heri,
625 2246 703 2277 aut
735 2227 949 2287 Famuli,
983 2247 1060 2277 aut
1087 2247 1324 2294 nunquam
1351 2228 1556 2278 fallentis
1598 2229 1786 2292 Amici,
1838 2251 1933 2299 25o

273 2302 486 2353 Alterius
524 2304 648 2369 jubet
691 2304 918 2353 auxilium
959 2320 1086 2371 petat
1126 2302 1267 2366 alter,
1307 2307 1352 2352 ἃ
1391 2306 1497 2354 inde

277 2378 576 2428 Confirment
616 2380 813 2445 pariter,
858 2398 955 2445 quae
993 2380 1211 2447 languent
1253 2380 1476 2447 Singula,
1518 2386 1730 2432 Totum.

278 2456 374 2500 Res
414 2455 603 2519 inopes,
644 2455 943 2522 fragilesque,
985 2455 1190 2520 i&usque
1231 2456 1480 2521 Cupidinis
1522 2458 1650 2506 arffio

274 2528 468 2576 Gratius
508 2529 795 2595 adstringunt
837 2531 1104 2579 communia
1146 2533 1407 2580 Commoda
1449 2530 1631 2580 vinclo.

1272 2608 1322 2653 D
1730 2608 1857 2656 Hinc

174 2720 194 2766 (
225 2732 240 2756 1
263 2722 293 2768 ⁴)
322 2722 491 2758 Humana
519 2721 616 2759 enim
644 2721 770 2760 Virtus
796 2722 935 2770 semper
961 2736 1001 2760 a·
1054 2736 1096 2760 ex
1125 2724 1195 2761 Dei
1225 2724 1456 2762 Providentia
1476 2753 1486 2770 ,
1516 2724 1739 2764 inserviunt.
1779 2727 1928 2763 Mavult

126 2768 228 2816 liquo
256 2772 350 2808 vitio
394 2771 555 2809 inficitur
583 2800 594 2821 ‚
640 2786 722 2810 cum
763 2787 784 2810 a
829 2781 997 2822 corrupta
1051 2776 1145 2810 enim
1176 2803 1187 2822 ,
1230 2784 1270 2812 ut
1312 2773 1405 2813 reste
1450 2778 1662 2825 Augustinus
1691 2805 1702 2824 ,
1747 2790 1784 2812 ex
1825 2777 1930 2814 malis

129 2821 380 2867 proficiscatur
405 2831 555 2860 natura.
1050 2828 1146 2862 Deus
1173 2827 1260 2862 hona
1280 2826 1420 2875 facere,
1449 2841 1554 2874 quam
1594 2830 1686 2865 mala
1727 2828 1827 2865 nulla
1870 2831 1930 2874 effe

179 2871 199 2916 (
230 2885 247 2908 z
279 2874 298 2917 )
327 2873 555 2922 Singulorum
584 2874 774 2913 hominum
805 2873 1000 2913 infirmita·
1051 2878 1275 2924 permittere.

126 2926 209 2968 tes,
238 2921 274 2960 &
305 2921 398 2967 vitia
437 2926 620 2962 communi
662 2927 826 2964 omnium
869 2931 966 2965 Bono
994 2954 1007 2974 ,
