<?xml version="1.0" encoding="UTF-8"?>
<!DOCTYPE html PUBLIC "-//W3C//DTD XHTML 1.0 Transitional//EN"
    "http://www.w3.org/TR/xhtml1/DTD/xhtml1-transitional.dtd">
<html xmlns="http://www.w3.org/1999/xhtml" xml:lang="en" lang="en">
 <head>
  <title>
</title>
<meta http-equiv="Content-Type" content="text/html;charset=utf-8" />
  <meta name='ocr-system' content='tesseract 3.04.00' />
  <meta name='ocr-capabilities' content='ocr_page ocr_carea ocr_par ocr_line ocrx_word'/>
</head>
<body>
  <div class='ocr_page' id='page_1' title='image "./poemaalexandripo00costuoft_0132.png"; bbox 0 0 2284 3436; ppageno 0'>
   <div class='ocr_carea' id='block_1_1' title="bbox 390 227 1761 285">
    <p class='ocr_par' dir='ltr' id='par_1_1' title="bbox 390 227 1761 285">
     <span class='ocr_line' id='line_1_1' title="bbox 390 227 1761 285; baseline -0.007 -3"><span class='ocrx_word' id='word_1_1' title='bbox 390 251 495 283; x_wconf 83' lang='lat'>120</span> <span class='ocrx_word' id='word_1_2' title='bbox 721 227 1244 285; x_wconf 76' lang='lat' dir='ltr'>JOANNIS</span> <span class='ocrx_word' id='word_1_3' title='bbox 1367 227 1761 276; x_wconf 47' lang='lat' dir='ltr'>-COSTA</span> 
     </span>
    </p>
   </div>
   <div class='ocr_carea' id='block_1_2' title="bbox 530 382 1884 647">
    <p class='ocr_par' dir='ltr' id='par_1_2' title="bbox 530 382 1884 647">
     <span class='ocr_line' id='line_1_2' title="bbox 822 382 1570 506; baseline -0.004 -28"><span class='ocrx_word' id='word_1_4' title='bbox 822 432 1075 506; x_wconf 57' lang='lat' dir='ltr'>flzexander</span> <span class='ocrx_word' id='word_1_5' title='bbox 1116 382 1299 477; x_wconf 36' lang='lat' dir='ltr'>Macedo</span> <span class='ocrx_word' id='word_1_6' title='bbox 1339 427 1570 490; x_wconf 79' lang='lat' dir='ltr'>refipiens.</span> 
     </span>
     <span class='ocr_line' id='line_1_3' title="bbox 530 549 1884 647; baseline -0.004 -2"><span class='ocrx_word' id='word_1_7' title='bbox 530 549 1884 647; x_wconf 13' lang='lat' dir='ltr'><strong>HEXAME‘TRVI&#39;.</strong></span> 
     </span>
    </p>
   </div>
   <div class='ocr_carea' id='block_1_3' title="bbox 372 745 2108 2963">
    <p class='ocr_par' dir='ltr' id='par_1_3' title="bbox 372 745 2108 2963">
     <span class='ocr_line' id='line_1_4' title="bbox 396 745 1645 814; baseline -0.005 -15"><span class='ocrx_word' id='word_1_8' title='bbox 396 747 551 799; x_wconf 88' lang='lat' dir='ltr'>Tabat</span> <span class='ocrx_word' id='word_1_9' title='bbox 591 746 860 795; x_wconf 83' lang='lat' dir='ltr'><strong>Alexander</strong></span> <span class='ocrx_word' id='word_1_10' title='bbox 901 749 1053 798; x_wconf 86' lang='lat' dir='ltr'>media</span> <span class='ocrx_word' id='word_1_11' title='bbox 1092 747 1361 814; x_wconf 59' lang='lat' dir='ltr'>speffiandus</span> <span class='ocrx_word' id='word_1_12' title='bbox 1400 745 1450 794; x_wconf 89' lang='lat' dir='ltr'>in</span> <span class='ocrx_word' id='word_1_13' title='bbox 1494 745 1645 807; x_wconf 84' lang='lat' dir='ltr'>Aula,</span> 
     </span>
     <span class='ocr_line' id='line_1_5' title="bbox 435 821 1665 890; baseline -0.002 -20"><span class='ocrx_word' id='word_1_14' title='bbox 435 821 786 885; x_wconf 89' lang='lat' dir='ltr'>Mobilibusque</span> <span class='ocrx_word' id='word_1_15' title='bbox 828 821 967 883; x_wconf 84' lang='lat' dir='ltr'>lyram</span> <span class='ocrx_word' id='word_1_16' title='bbox 1010 823 1170 890; x_wconf 81' lang='lat' dir='ltr'>digitis</span> <span class='ocrx_word' id='word_1_17' title='bbox 1212 821 1441 888; x_wconf 86' lang='lat' dir='ltr'>pulsabat,</span> <span class='ocrx_word' id='word_1_18' title='bbox 1483 823 1530 870; x_wconf 76' lang='lat'>8&lt;</span> <span class='ocrx_word' id='word_1_19' title='bbox 1568 835 1665 868; x_wconf 87' lang='lat' dir='ltr'>arte</span> 
     </span>
     <span class='ocr_line' id='line_1_6' title="bbox 446 895 1489 958; baseline -0.001 -13"><span class='ocrx_word' id='word_1_20' title='bbox 446 895 616 947; x_wconf 88' lang='lat' dir='ltr'>Solerti</span> <span class='ocrx_word' id='word_1_21' title='bbox 660 896 1030 946; x_wconf 49' lang='lat' dir='ltr'>vocem‘fidibus</span> <span class='ocrx_word' id='word_1_22' title='bbox 1070 897 1270 947; x_wconf 81' lang='lat' dir='ltr'>soeiabat</span> <span class='ocrx_word' id='word_1_23' title='bbox 1312 896 1489 958; x_wconf 86' lang='lat' dir='ltr'>acutis,</span> 
     </span>
     <span class='ocr_line' id='line_1_7' title="bbox 444 971 1734 1029; baseline -0.004 -7"><span class='ocrx_word' id='word_1_24' title='bbox 444 977 569 1022; x_wconf 88' lang='lat' dir='ltr'>Cum</span> <span class='ocrx_word' id='word_1_25' title='bbox 616 975 747 1020; x_wconf 88' lang='lat' dir='ltr'>Pater</span> <span class='ocrx_word' id='word_1_26' title='bbox 790 971 1041 1021; x_wconf 86' lang='lat' dir='ltr'>adveniens</span> <span class='ocrx_word' id='word_1_27' title='bbox 1081 972 1266 1029; x_wconf 77' lang='lat' dir='ltr'>oculis,</span> <span class='ocrx_word' id='word_1_28' title='bbox 1305 975 1350 1017; x_wconf 64' lang='grc' dir='ltr'>ὃς</span> <span class='ocrx_word' id='word_1_29' title='bbox 1389 973 1544 1016; x_wconf 77' lang='lat' dir='ltr'>fronte</span> <span class='ocrx_word' id='word_1_30' title='bbox 1585 971 1734 1017; x_wconf 81' lang='lat' dir='ltr'>severa</span> 
     </span>
     <span class='ocr_line' id='line_1_8' title="bbox 443 1042 2097 1105; baseline -0.007 -9"><span class='ocrx_word' id='word_1_31' title='bbox 443 1052 633 1096; x_wconf 81' lang='lat' dir='ltr'>Intenta</span> <span class='ocrx_word' id='word_1_32' title='bbox 676 1046 722 1090; x_wconf 87' lang='lat' dir='ltr'>in</span> <span class='ocrx_word' id='word_1_33' title='bbox 765 1062 949 1092; x_wconf 86' lang='lat' dir='ltr'>natum:</span> <span class='ocrx_word' id='word_1_34' title='bbox 992 1064 1085 1091; x_wconf 84' lang='lat' dir='ltr'>non</span> <span class='ocrx_word' id='word_1_35' title='bbox 1127 1046 1198 1089; x_wconf 90' lang='lat' dir='ltr'>Te</span> <span class='ocrx_word' id='word_1_36' title='bbox 1241 1043 1409 1105; x_wconf 83' lang='lat' dir='ltr'>pudet,</span> <span class='ocrx_word' id='word_1_37' title='bbox 1455 1042 1643 1103; x_wconf 85' lang='lat' dir='ltr'>inquit,</span> <span class='ocrx_word' id='word_1_38' title='bbox 1685 1055 1921 1087; x_wconf 79' lang='lat' dir='ltr'><strong>amantum</strong></span> <span class='ocrx_word' id='word_1_39' title='bbox 2073 1054 2097 1101; x_wconf 79' lang='lat'>3</span> 
     </span>
     <span class='ocr_line' id='line_1_9' title="bbox 448 1113 1721 1176; baseline -0.006 -7"><span class='ocrx_word' id='word_1_40' title='bbox 448 1122 757 1169; x_wconf 85' lang='lat' dir='ltr'>Instrumenta</span> <span class='ocrx_word' id='word_1_41' title='bbox 800 1136 938 1166; x_wconf 88' lang='lat' dir='ltr'>manu</span> <span class='ocrx_word' id='word_1_42' title='bbox 981 1117 1211 1176; x_wconf 64' lang='lat' dir='ltr'>traElare,</span> <span class='ocrx_word' id='word_1_43' title='bbox 1251 1117 1297 1163; x_wconf 74' lang='grc' dir='ltr'>δε</span> <span class='ocrx_word' id='word_1_44' title='bbox 1334 1114 1515 1163; x_wconf 73' lang='grc' dir='ltr'>Ηεδὶετε</span> <span class='ocrx_word' id='word_1_45' title='bbox 1559 1113 1721 1161; x_wconf 86' lang='lat' dir='ltr'>molles</span> 
     </span>
     <span class='ocr_line' id='line_1_10' title="bbox 449 1189 1778 1256; baseline -0.006 -12"><span class='ocrx_word' id='word_1_46' title='bbox 449 1199 507 1244; x_wconf 93' lang='lat' dir='ltr'>In</span> <span class='ocrx_word' id='word_1_47' title='bbox 550 1211 787 1242; x_wconf 84' lang='lat' dir='ltr'>numerum</span> <span class='ocrx_word' id='word_1_48' title='bbox 830 1199 1007 1242; x_wconf 86' lang='lat' dir='ltr'>voces?</span> <span class='ocrx_word' id='word_1_49' title='bbox 1050 1192 1107 1239; x_wconf 83' lang='lat' dir='ltr'>fic</span> <span class='ocrx_word' id='word_1_50' title='bbox 1149 1190 1274 1238; x_wconf 89' lang='lat' dir='ltr'>lenta</span> <span class='ocrx_word' id='word_1_51' title='bbox 1316 1207 1394 1256; x_wconf 79' lang='lat' dir='ltr'>per</span> <span class='ocrx_word' id='word_1_52' title='bbox 1434 1189 1532 1239; x_wconf 88' lang='lat' dir='ltr'>otia</span> <span class='ocrx_word' id='word_1_53' title='bbox 1573 1205 1778 1238; x_wconf 84' lang='lat' dir='ltr'>mentem</span> 
     </span>
     <span class='ocr_line' id='line_1_11' title="bbox 447 1264 1745 1336; baseline -0.005 -18"><span class='ocrx_word' id='word_1_54' title='bbox 447 1268 724 1334; x_wconf 78' lang='lat' dir='ltr'>Belligeram</span> <span class='ocrx_word' id='word_1_55' title='bbox 767 1266 968 1336; x_wconf 81' lang='lat' dir='ltr'>frangis,</span> <span class='ocrx_word' id='word_1_56' title='bbox 1007 1266 1164 1334; x_wconf 84' lang='lat' dir='ltr'>regni,</span> <span class='ocrx_word' id='word_1_57' title='bbox 1208 1265 1427 1331; x_wconf 88' lang='lat' dir='ltr'>famaeque</span> <span class='ocrx_word' id='word_1_58' title='bbox 1468 1264 1682 1331; x_wconf 85' lang='lat' dir='ltr'>perennis</span> <span class='ocrx_word' id='word_1_59' title='bbox 1739 1282 1745 1294; x_wconf 86' lang='lat'>··</span> 
     </span>
     <span class='ocr_line' id='line_1_12' title="bbox 372 1336 1752 1407; baseline -0.006 -14"><span class='ocrx_word' id='word_1_60' title='bbox 372 1368 375 1369; x_wconf 44' lang='lat'><em>⁷</em></span> <span class='ocrx_word' id='word_1_61' title='bbox 450 1348 746 1393; x_wconf 80' lang='lat' dir='ltr'>Immemor?</span> <span class='ocrx_word' id='word_1_62' title='bbox 791 1346 871 1392; x_wconf 85' lang='lat' dir='ltr'>has</span> <span class='ocrx_word' id='word_1_63' title='bbox 911 1362 1029 1392; x_wconf 85' lang='lat' dir='ltr'>artes</span> <span class='ocrx_word' id='word_1_64' title='bbox 1072 1342 1218 1407; x_wconf 86' lang='lat' dir='ltr'>proles</span> <span class='ocrx_word' id='word_1_65' title='bbox 1257 1341 1472 1407; x_wconf 78' lang='lat' dir='ltr'>generosa</span> <span class='ocrx_word' id='word_1_66' title='bbox 1510 1336 1752 1405; x_wconf 86' lang='lat' dir='ltr'>Philippi,</span> 
     </span>
     <span class='ocr_line' id='line_1_13' title="bbox 452 1415 2108 1482; baseline -0.005 -14"><span class='ocrx_word' id='word_1_67' title='bbox 452 1425 567 1468; x_wconf 86' lang='lat' dir='ltr'>Haec</span> <span class='ocrx_word' id='word_1_68' title='bbox 608 1419 749 1466; x_wconf 88' lang='lat' dir='ltr'>studia</span> <span class='ocrx_word' id='word_1_69' title='bbox 790 1419 987 1467; x_wconf 84' lang='lat' dir='ltr'>eximios</span> <span class='ocrx_word' id='word_1_70' title='bbox 1030 1418 1343 1482; x_wconf 85' lang='lat' dir='ltr'>interceptura</span> <span class='ocrx_word' id='word_1_71' title='bbox 1378 1415 1636 1480; x_wconf 85' lang='lat' dir='ltr'>triumphos</span> <span class='ocrx_word' id='word_1_72' title='bbox 2046 1431 2108 1468; x_wconf 90' lang='lat'>10</span> 
     </span>
     <span class='ocr_line' id='line_1_14' title="bbox 443 1488 1720 1557; baseline -0.006 -13"><span class='ocrx_word' id='word_1_73' title='bbox 443 1494 696 1544; x_wconf 85' lang='lat' dir='ltr'>Instituet?</span> <span class='ocrx_word' id='word_1_74' title='bbox 737 1495 924 1543; x_wconf 77' lang='lat' dir='ltr'>valeant</span> <span class='ocrx_word' id='word_1_75' title='bbox 967 1493 1180 1551; x_wconf 67' lang='lat' dir='ltr'>citharae,</span> <span class='ocrx_word' id='word_1_76' title='bbox 1222 1490 1466 1556; x_wconf 86' lang='lat' dir='ltr'>cantusque</span> <span class='ocrx_word' id='word_1_77' title='bbox 1507 1488 1720 1557; x_wconf 84' lang='lat' dir='ltr'>profani3</span> 
     </span>
     <span class='ocr_line' id='line_1_15' title="bbox 448 1565 1693 1637; baseline -0.004 -19"><span class='ocrx_word' id='word_1_78' title='bbox 448 1573 543 1618; x_wconf 88' lang='lat' dir='ltr'>Pro</span> <span class='ocrx_word' id='word_1_79' title='bbox 584 1567 773 1617; x_wconf 81' lang='lat' dir='ltr'>citharis</span> <span class='ocrx_word' id='word_1_80' title='bbox 816 1571 969 1629; x_wconf 82' lang='lat' dir='ltr'>enses,</span> <span class='ocrx_word' id='word_1_81' title='bbox 1014 1587 1096 1637; x_wconf 90' lang='lat' dir='ltr'>pro</span> <span class='ocrx_word' id='word_1_82' title='bbox 1140 1585 1278 1617; x_wconf 87' lang='lat' dir='ltr'>cantu</span> <span class='ocrx_word' id='word_1_83' title='bbox 1318 1565 1497 1615; x_wconf 87' lang='lat' dir='ltr'>claffica</span> <span class='ocrx_word' id='word_1_84' title='bbox 1536 1582 1693 1632; x_wconf 81' lang='lat' dir='ltr'>regem</span> 
     </span>
     <span class='ocr_line' id='line_1_16' title="bbox 443 1641 1667 1712; baseline -0.003 -20"><span class='ocrx_word' id='word_1_85' title='bbox 443 1644 549 1692; x_wconf 89' lang='lat' dir='ltr'>Sola</span> <span class='ocrx_word' id='word_1_86' title='bbox 588 1643 750 1692; x_wconf 87' lang='lat' dir='ltr'>decent</span> <span class='ocrx_word' id='word_1_87' title='bbox 794 1664 1013 1712; x_wconf 81' lang='lat' dir='ltr'>puerum3</span> <span class='ocrx_word' id='word_1_88' title='bbox 1055 1644 1156 1692; x_wconf 88' lang='lat' dir='ltr'>duri</span> <span class='ocrx_word' id='word_1_89' title='bbox 1195 1643 1447 1692; x_wconf 87' lang='lat' dir='ltr'>certamina</span> <span class='ocrx_word' id='word_1_90' title='bbox 1495 1641 1667 1691; x_wconf 87' lang='lat' dir='ltr'>Martis</span> 
     </span>
     <span class='ocr_line' id='line_1_17' title="bbox 448 1716 1742 1783; baseline -0.006 -15"><span class='ocrx_word' id='word_1_91' title='bbox 448 1722 538 1768; x_wconf 87' lang='lat' dir='ltr'>Per</span> <span class='ocrx_word' id='word_1_92' title='bbox 580 1737 765 1783; x_wconf 85' lang='lat' dir='ltr'>campos</span> <span class='ocrx_word' id='word_1_93' title='bbox 803 1721 1022 1768; x_wconf 60' lang='lat' dir='ltr'>instruff’m</span> <span class='ocrx_word' id='word_1_94' title='bbox 1062 1719 1181 1776; x_wconf 80' lang='lat' dir='ltr'>tibi,</span> <span class='ocrx_word' id='word_1_95' title='bbox 1226 1736 1319 1765; x_wconf 89' lang='lat' dir='ltr'>non</span> <span class='ocrx_word' id='word_1_96' title='bbox 1362 1716 1580 1783; x_wconf 81' lang='lat' dir='ltr'>languida</span> <span class='ocrx_word' id='word_1_97' title='bbox 1621 1729 1742 1779; x_wconf 87' lang='lat' dir='ltr'>paetae</span> 
     </span>
     <span class='ocr_line' id='line_1_18' title="bbox 451 1788 2100 1853; baseline -0.007 -11"><span class='ocrx_word' id='word_1_98' title='bbox 451 1794 611 1842; x_wconf 83' lang='lat' dir='ltr'>Praelia</span> <span class='ocrx_word' id='word_1_99' title='bbox 652 1794 753 1841; x_wconf 87' lang='lat' dir='ltr'>sunt</span> <span class='ocrx_word' id='word_1_100' title='bbox 795 1793 993 1842; x_wconf 89' lang='lat' dir='ltr'>Veneris</span> <span class='ocrx_word' id='word_1_101' title='bbox 1036 1793 1292 1850; x_wconf 78' lang='lat' dir='ltr'>subeunda,</span> <span class='ocrx_word' id='word_1_102' title='bbox 1324 1809 1405 1839; x_wconf 90' lang='lat' dir='ltr'>nee</span> <span class='ocrx_word' id='word_1_103' title='bbox 1447 1791 1528 1838; x_wconf 85' lang='lat' dir='ltr'>ista</span> <span class='ocrx_word' id='word_1_104' title='bbox 1569 1788 1781 1853; x_wconf 83' lang='lat' dir='ltr'>voluptas</span> <span class='ocrx_word' id='word_1_105' title='bbox 2045 1802 2100 1849; x_wconf 78' lang='lat'>13</span> 
     </span>
     <span class='ocr_line' id='line_1_19' title="bbox 449 1864 1653 1931; baseline -0.007 -15"><span class='ocrx_word' id='word_1_106' title='bbox 449 1867 658 1916; x_wconf 85' lang='lat' dir='ltr'>Imbellis</span> <span class='ocrx_word' id='word_1_107' title='bbox 700 1886 869 1916; x_wconf 75' lang='lat' dir='ltr'>merces</span> <span class='ocrx_word' id='word_1_108' title='bbox 910 1868 1085 1927; x_wconf 89' lang='lat' dir='ltr'>animi,</span> <span class='ocrx_word' id='word_1_109' title='bbox 1126 1867 1199 1914; x_wconf 90' lang='lat' dir='ltr'>sed</span> <span class='ocrx_word' id='word_1_110' title='bbox 1241 1864 1448 1931; x_wconf 81' lang='lat' dir='ltr'>principe</span> <span class='ocrx_word' id='word_1_111' title='bbox 1489 1865 1653 1930; x_wconf 82' lang='lat' dir='ltr'>dignus</span> 
     </span>
     <span class='ocr_line' id='line_1_20' title="bbox 448 1935 1741 2008; baseline -0.006 -17"><span class='ocrx_word' id='word_1_112' title='bbox 448 1943 730 2004; x_wconf 82' lang='lat' dir='ltr'>Quaerendus</span> <span class='ocrx_word' id='word_1_113' title='bbox 774 1946 903 1991; x_wconf 89' lang='lat' dir='ltr'>labor</span> <span class='ocrx_word' id='word_1_114' title='bbox 942 1945 1034 2002; x_wconf 87' lang='lat' dir='ltr'>est,</span> <span class='ocrx_word' id='word_1_115' title='bbox 1077 1944 1122 1990; x_wconf 72' lang='grc' dir='ltr'>δε</span> <span class='ocrx_word' id='word_1_116' title='bbox 1163 1958 1289 2008; x_wconf 89' lang='lat' dir='ltr'>parta</span> <span class='ocrx_word' id='word_1_117' title='bbox 1331 1941 1487 1988; x_wconf 91' lang='lat' dir='ltr'>labore</span> <span class='ocrx_word' id='word_1_118' title='bbox 1528 1935 1741 2003; x_wconf 85' lang='lat' dir='ltr'>superstes</span> 
     </span>
     <span class='ocr_line' id='line_1_21' title="bbox 448 2012 1644 2078; baseline -0.005 -12"><span class='ocrx_word' id='word_1_119' title='bbox 448 2017 639 2066; x_wconf 88' lang='lat' dir='ltr'>Gloria.</span> <span class='ocrx_word' id='word_1_120' title='bbox 683 2019 757 2066; x_wconf 88' lang='lat' dir='ltr'>Sic</span> <span class='ocrx_word' id='word_1_121' title='bbox 798 2019 994 2078; x_wconf 85' lang='lat' dir='ltr'>Proavi,</span> <span class='ocrx_word' id='word_1_122' title='bbox 1025 2018 1082 2065; x_wconf 85' lang='lat' dir='ltr'>fic</span> <span class='ocrx_word' id='word_1_123' title='bbox 1123 2035 1197 2064; x_wconf 88' lang='lat' dir='ltr'>me</span> <span class='ocrx_word' id='word_1_124' title='bbox 1240 2018 1431 2064; x_wconf 83' lang='lat' dir='ltr'>docuere</span> <span class='ocrx_word' id='word_1_125' title='bbox 1469 2012 1644 2078; x_wconf 82' lang='lat' dir='ltr'>Pelasgi</span> 
     </span>
     <span class='ocr_line' id='line_1_22' title="bbox 448 2090 1561 2157; baseline -0.005 -15"><span class='ocrx_word' id='word_1_126' title='bbox 448 2097 659 2152; x_wconf 86' lang='lat' dir='ltr'>Heroes‚</span> <span class='ocrx_word' id='word_1_127' title='bbox 700 2111 896 2157; x_wconf 87' lang='lat' dir='ltr'>quorum</span> <span class='ocrx_word' id='word_1_128' title='bbox 937 2093 1086 2140; x_wconf 88' lang='lat' dir='ltr'>virtus</span> <span class='ocrx_word' id='word_1_129' title='bbox 1126 2091 1329 2140; x_wconf 82' lang='lat' dir='ltr'>exercita</span> <span class='ocrx_word' id='word_1_130' title='bbox 1372 2090 1561 2155; x_wconf 83' lang='lat' dir='ltr'>longum</span> 
     </span>
     <span class='ocr_line' id='line_1_23' title="bbox 448 2165 2105 2231; baseline -0.001 -16"><span class='ocrx_word' id='word_1_131' title='bbox 448 2168 581 2215; x_wconf 86' lang='lat' dir='ltr'>Caelo</span> <span class='ocrx_word' id='word_1_132' title='bbox 622 2169 753 2215; x_wconf 88' lang='lat' dir='ltr'>illata</span> <span class='ocrx_word' id='word_1_133' title='bbox 795 2167 1132 2216; x_wconf 85' lang='lat' dir='ltr'>micat-nullos</span> <span class='ocrx_word' id='word_1_134' title='bbox 1175 2165 1376 2231; x_wconf 89' lang='lat' dir='ltr'>peritura</span> <span class='ocrx_word' id='word_1_135' title='bbox 1419 2183 1499 2230; x_wconf 89' lang='lat' dir='ltr'>per</span> <span class='ocrx_word' id='word_1_136' title='bbox 1543 2173 1716 2214; x_wconf 84' lang='lat' dir='ltr'>annos.</span> <span class='ocrx_word' id='word_1_137' title='bbox 1846 2172 1850 2175; x_wconf 90' lang='grc'><strong>’</strong></span> <span class='ocrx_word' id='word_1_138' title='bbox 2038 2178 2105 2218; x_wconf 86' lang='lat'>20</span> 
     </span>
     <span class='ocr_line' id='line_1_24' title="bbox 455 2236 1838 2310; baseline -0.003 -19"><span class='ocrx_word' id='word_1_139' title='bbox 455 2242 653 2307; x_wconf 87' lang='lat' dir='ltr'>Adspice</span> <span class='ocrx_word' id='word_1_140' title='bbox 695 2244 932 2310; x_wconf 83' lang='lat' dir='ltr'>Majorum</span> <span class='ocrx_word' id='word_1_141' title='bbox 975 2239 1163 2301; x_wconf 61' lang='lat' dir='ltr'>vultum,</span> <span class='ocrx_word' id='word_1_142' title='bbox 1202 2257 1316 2305; x_wconf 84' lang='lat' dir='ltr'>quos</span> <span class='ocrx_word' id='word_1_143' title='bbox 1358 2241 1505 2287; x_wconf 86' lang='lat' dir='ltr'>multa</span> <span class='ocrx_word' id='word_1_144' title='bbox 1546 2257 1626 2305; x_wconf 86' lang='lat' dir='ltr'>per</span> <span class='ocrx_word' id='word_1_145' title='bbox 1667 2236 1838 2290; x_wconf 87' lang='lat' dir='ltr'><strong>Aulam</strong></span> 
     </span>
     <span class='ocr_line' id='line_1_25' title="bbox 449 2313 1770 2382; baseline -0.004 -15"><span class='ocrx_word' id='word_1_146' title='bbox 449 2316 580 2367; x_wconf 55' lang='lat' dir='ltr'>Piera</span> <span class='ocrx_word' id='word_1_147' title='bbox 619 2316 754 2366; x_wconf 81' lang='lat' dir='ltr'>refert</span> <span class='ocrx_word' id='word_1_148' title='bbox 797 2318 983 2375; x_wconf 85' lang='lat' dir='ltr'>tabula,</span> <span class='ocrx_word' id='word_1_149' title='bbox 1027 2319 1071 2365; x_wconf 74' lang='grc' dir='ltr'>δε</span> <span class='ocrx_word' id='word_1_150' title='bbox 1111 2315 1308 2382; x_wconf 88' lang='lat' dir='ltr'>speciem</span> <span class='ocrx_word' id='word_1_151' title='bbox 1351 2313 1514 2362; x_wconf 88' lang='lat' dir='ltr'>mirare</span> <span class='ocrx_word' id='word_1_152' title='bbox 1558 2318 1770 2362; x_wconf 86' lang='lat' dir='ltr'>Tuorum</span> 
     </span>
     <span class='ocr_line' id='line_1_26' title="bbox 445 2390 1730 2461; baseline -0.004 -19"><span class='ocrx_word' id='word_1_153' title='bbox 445 2391 726 2442; x_wconf 85' lang='lat' dir='ltr'>Diffimilem</span> <span class='ocrx_word' id='word_1_154' title='bbox 765 2394 900 2461; x_wconf 79' lang='lat' dir='ltr'>longe</span> <span class='ocrx_word' id='word_1_155' title='bbox 940 2392 1156 2459; x_wconf 87' lang='lat' dir='ltr'>clypeos,</span> <span class='ocrx_word' id='word_1_156' title='bbox 1195 2390 1422 2454; x_wconf 85' lang='lat' dir='ltr'>hastasque</span> <span class='ocrx_word' id='word_1_157' title='bbox 1463 2405 1730 2455; x_wconf 81' lang='lat' dir='ltr'>gerentum,</span> 
     </span>
     <span class='ocr_line' id='line_1_27' title="bbox 447 2462 1771 2533; baseline -0.005 -16"><span class='ocrx_word' id='word_1_158' title='bbox 447 2472 564 2517; x_wconf 92' lang='lat' dir='ltr'>Non</span> <span class='ocrx_word' id='word_1_159' title='bbox 606 2467 802 2533; x_wconf 63' lang='lat' dir='ltr'>plefflra‚</span> <span class='ocrx_word' id='word_1_160' title='bbox 843 2467 1010 2517; x_wconf 88' lang='lat' dir='ltr'>illustri</span> <span class='ocrx_word' id='word_1_161' title='bbox 1053 2465 1254 2533; x_wconf 82' lang='lat' dir='ltr'>resperfis</span> <span class='ocrx_word' id='word_1_162' title='bbox 1294 2466 1482 2531; x_wconf 87' lang='lat' dir='ltr'>pulvere</span> <span class='ocrx_word' id='word_1_163' title='bbox 1522 2462 1771 2522; x_wconf 81' lang='lat' dir='ltr'>membris,</span> 
     </span>
     <span class='ocr_line' id='line_1_28' title="bbox 448 2540 2091 2611; baseline -0.004 -21"><span class='ocrx_word' id='word_1_164' title='bbox 448 2542 748 2608; x_wconf 63' lang='lat' dir='ltr'>Invicstosque</span> <span class='ocrx_word' id='word_1_165' title='bbox 791 2543 922 2611; x_wconf 84' lang='lat' dir='ltr'>gravi</span> <span class='ocrx_word' id='word_1_166' title='bbox 963 2542 1122 2591; x_wconf 84' lang='lat' dir='ltr'>sudore</span> <span class='ocrx_word' id='word_1_167' title='bbox 1167 2557 1361 2590; x_wconf 86' lang='lat' dir='ltr'>notante</span> <span class='ocrx_word' id='word_1_168' title='bbox 1400 2540 1576 2588; x_wconf 84' lang='lat' dir='ltr'>labores</span> <span class='ocrx_word' id='word_1_169' title='bbox 2031 2557 2091 2602; x_wconf 81' lang='lat'>25</span> 
     </span>
     <span class='ocr_line' id='line_1_29' title="bbox 444 2612 1987 2686; baseline -0.001 -22"><span class='ocrx_word' id='word_1_170' title='bbox 444 2617 668 2666; x_wconf 87' lang='lat' dir='ltr'>Hostibus</span> <span class='ocrx_word' id='word_1_171' title='bbox 706 2618 754 2666; x_wconf 92' lang='lat' dir='ltr'>in</span> <span class='ocrx_word' id='word_1_172' title='bbox 799 2619 963 2669; x_wconf 87' lang='lat' dir='ltr'>mediis</span> <span class='ocrx_word' id='word_1_173' title='bbox 990 2656 1000 2666; x_wconf 94' lang='lat'><strong>.</strong></span> <span class='ocrx_word' id='word_1_174' title='bbox 1045 2621 1269 2686; x_wconf 78' lang='lat' dir='ltr'>Magnam</span> <span class='ocrx_word' id='word_1_175' title='bbox 1311 2615 1556 2682; x_wconf 79' lang='lat' dir='ltr'>praestantis</span> <span class='ocrx_word' id='word_1_176' title='bbox 1595 2618 1613 2683; x_wconf 98' lang='lat'>(</span> <span class='ocrx_word' id='word_1_177' title='bbox 1647 2634 1665 2666; x_wconf 92' lang='lat'>1</span> <span class='ocrx_word' id='word_1_178' title='bbox 1710 2612 1727 2676; x_wconf 92' lang='lat'><em>)</em></span> <span class='ocrx_word' id='word_1_179' title='bbox 1770 2617 1987 2676; x_wconf 81' lang='lat' dir='ltr'>Amyntae</span> 
     </span>
     <span class='ocr_line' id='line_1_30' title="bbox 445 2689 1846 2757; baseline -0.003 -17"><span class='ocrx_word' id='word_1_180' title='bbox 445 2695 599 2740; x_wconf 89' lang='lat' dir='ltr'>Cerne</span> <span class='ocrx_word' id='word_1_181' title='bbox 644 2695 867 2743; x_wconf 85' lang='lat' dir='ltr'>Umbram</span> <span class='ocrx_word' id='word_1_182' title='bbox 909 2712 1131 2743; x_wconf 86' lang='lat' dir='ltr'>errantem</span> <span class='ocrx_word' id='word_1_183' title='bbox 1173 2693 1373 2753; x_wconf 83' lang='lat' dir='ltr'>circum,</span> <span class='ocrx_word' id='word_1_184' title='bbox 1416 2689 1624 2757; x_wconf 81' lang='lat' dir='ltr'>pigrique</span> <span class='ocrx_word' id='word_1_185' title='bbox 1664 2689 1846 2756; x_wconf 83' lang='lat' dir='ltr'>nepotis</span> 
     </span>
     <span class='ocr_line' id='line_1_31' title="bbox 446 2766 1648 2836; baseline -0.002 -21"><span class='ocrx_word' id='word_1_186' title='bbox 446 2766 656 2815; x_wconf 79' lang='lat' dir='ltr'>Grandia</span> <span class='ocrx_word' id='word_1_187' title='bbox 699 2769 882 2818; x_wconf 88' lang='lat' dir='ltr'>deliciis</span> <span class='ocrx_word' id='word_1_188' title='bbox 923 2770 1131 2836; x_wconf 88' lang='lat' dir='ltr'>abrumpi</span> <span class='ocrx_word' id='word_1_189' title='bbox 1174 2768 1316 2816; x_wconf 67' lang='grc' dir='ltr'>Ρεὲῒα</span> <span class='ocrx_word' id='word_1_190' title='bbox 1355 2783 1648 2832; x_wconf 87' lang='lat' dir='ltr'>querentem,</span> 
     </span>
     <span class='ocr_line' id='line_1_32' title="bbox 447 2840 1630 2910; baseline 0 -19"><span class='ocrx_word' id='word_1_191' title='bbox 447 2841 620 2902; x_wconf 79' lang='lat' dir='ltr'>Qualia</span> <span class='ocrx_word' id='word_1_192' title='bbox 663 2843 881 2905; x_wconf 80' lang='lat' dir='ltr'>divinus,</span> <span class='ocrx_word' id='word_1_193' title='bbox 923 2845 1078 2894; x_wconf 86' lang='lat' dir='ltr'>nostrae</span> <span class='ocrx_word' id='word_1_194' title='bbox 1118 2843 1199 2910; x_wconf 88' lang='lat' dir='ltr'>qui</span> <span class='ocrx_word' id='word_1_195' title='bbox 1239 2842 1439 2909; x_wconf 82' lang='lat' dir='ltr'>praefidet</span> <span class='ocrx_word' id='word_1_196' title='bbox 1479 2840 1630 2901; x_wconf 87' lang='lat' dir='ltr'>Urbi,</span> 
     </span>
     <span class='ocr_line' id='line_1_33' title="bbox 1824 2916 2023 2963; baseline -0.015 0"><span class='ocrx_word' id='word_1_197' title='bbox 1824 2916 1887 2963; x_wconf 88' lang='lat' dir='ltr'>Et</span> <span class='ocrx_word' id='word_1_198' title='bbox 1931 2916 2023 2962; x_wconf 88' lang='lat' dir='ltr'>Re·</span> 
     </span>
    </p>
   </div>
   <div class='ocr_carea' id='block_1_4' title="bbox 342 3000 962 3054">
    <p class='ocr_par' dir='ltr' id='par_1_4' title="bbox 342 3000 962 3054">
     <span class='ocr_line' id='line_1_34' title="bbox 342 3000 962 3054; baseline -0.002 -11"><span class='ocrx_word' id='word_1_199' title='bbox 342 3002 363 3049; x_wconf 79' lang='lat'><strong>(</strong></span> <span class='ocrx_word' id='word_1_200' title='bbox 394 3012 408 3037; x_wconf 79' lang='lat'><em>1</em></span> <span class='ocrx_word' id='word_1_201' title='bbox 440 3000 460 3048; x_wconf 82' lang='grc'>)</span> <span class='ocrx_word' id='word_1_202' title='bbox 488 3002 560 3041; x_wconf 85' lang='lat' dir='ltr'>Avi</span> <span class='ocrx_word' id='word_1_203' title='bbox 589 3002 784 3045; x_wconf 74' lang='lat' dir='ltr'>Alexandri</span> <span class='ocrx_word' id='word_1_204' title='bbox 814 3002 962 3054; x_wconf 80' lang='lat' dir='ltr'>Magni.</span> 
     </span>
    </p>
   </div>
  </div>
 </body>
</html>
