<?xml version="1.0" encoding="UTF-8"?>
<!DOCTYPE html PUBLIC "-//W3C//DTD XHTML 1.0 Transitional//EN"
    "http://www.w3.org/TR/xhtml1/DTD/xhtml1-transitional.dtd">
<html xmlns="http://www.w3.org/1999/xhtml" xml:lang="en" lang="en">
 <head>
  <title>
</title>
<meta http-equiv="Content-Type" content="text/html;charset=utf-8" />
  <meta name='ocr-system' content='tesseract 3.04.00' />
  <meta name='ocr-capabilities' content='ocr_page ocr_carea ocr_par ocr_line ocrx_word'/>
</head>
<body>
  <div class='ocr_page' id='page_1' title='image "./poemaalexandripo00costuoft_0025.png"; bbox 0 0 2284 3436; ppageno 0'>
   <div class='ocr_carea' id='block_1_1' title="bbox 279 127 1936 2655">
    <p class='ocr_par' dir='ltr' id='par_1_1' title="bbox 279 127 1936 2655">
     <span class='ocr_line' id='line_1_1' title="bbox 694 127 1860 175; baseline -0.003 0"><span class='ocrx_word' id='word_1_1' title='bbox 694 131 730 175; x_wconf 89' lang='lat' dir='ltr'>P</span> <span class='ocrx_word' id='word_1_2' title='bbox 807 129 852 174; x_wconf 90' lang='lat' dir='ltr'>R</span> <span class='ocrx_word' id='word_1_3' title='bbox 930 129 953 174; x_wconf 92' lang='grc' dir='ltr'>Ι</span> <span class='ocrx_word' id='word_1_4' title='bbox 1032 129 1090 173; x_wconf 94' lang='lat' dir='ltr'>M</span> <span class='ocrx_word' id='word_1_5' title='bbox 1168 127 1217 172; x_wconf 95' lang='lat' dir='ltr'>U</span> <span class='ocrx_word' id='word_1_6' title='bbox 1293 129 1350 173; x_wconf 90' lang='lat' dir='ltr'><strong>S.</strong></span> <span class='ocrx_word' id='word_1_7' title='bbox 1790 143 1806 171; x_wconf 89' lang='lat'>1</span> <span class='ocrx_word' id='word_1_8' title='bbox 1858 154 1860 157; x_wconf 35' lang='lat' dir='ltr'><strong>f</strong></span> 
     </span>
     <span class='ocr_line' id='line_1_2' title="bbox 280 143 1844 269; baseline -0.007 -17"><span class='ocrx_word' id='word_1_9' title='bbox 280 207 387 263; x_wconf 84' lang='lat' dir='ltr'><strong>Qua</strong></span> <span class='ocrx_word' id='word_1_10' title='bbox 425 202 587 269; x_wconf 86' lang='lat' dir='ltr'><strong>rapido</strong></span> <span class='ocrx_word' id='word_1_11' title='bbox 629 200 784 259; x_wconf 82' lang='lat' dir='ltr'><strong>cursu,</strong></span> <span class='ocrx_word' id='word_1_12' title='bbox 832 216 921 265; x_wconf 87' lang='lat' dir='ltr'><strong>qua</strong></span> <span class='ocrx_word' id='word_1_13' title='bbox 966 198 1142 247; x_wconf 85' lang='lat' dir='ltr'><strong>viribus</strong></span> <span class='ocrx_word' id='word_1_14' title='bbox 1182 198 1275 245; x_wconf 85' lang='lat' dir='ltr'><strong>Illa</strong></span> <span class='ocrx_word' id='word_1_15' title='bbox 1323 198 1533 262; x_wconf 86' lang='lat' dir='ltr'><strong>rependit</strong></span> <span class='ocrx_word' id='word_1_16' title='bbox 1822 143 1844 190; x_wconf 69' lang='lat'><em>3</em></span> 
     </span>
     <span class='ocr_line' id='line_1_3' title="bbox 282 272 1541 343; baseline -0.007 -17"><span class='ocrx_word' id='word_1_17' title='bbox 282 282 371 326; x_wconf 88' lang='lat' dir='ltr'><strong>Per</strong></span> <span class='ocrx_word' id='word_1_18' title='bbox 408 279 541 343; x_wconf 83' lang='lat' dir='ltr'><strong>justos</strong></span> <span class='ocrx_word' id='word_1_19' title='bbox 576 276 733 323; x_wconf 62' lang='lat' dir='ltr'><strong>exaffia</strong></span> <span class='ocrx_word' id='word_1_20' title='bbox 775 275 966 341; x_wconf 82' lang='lat' dir='ltr'><strong>gradus,</strong></span> <span class='ocrx_word' id='word_1_21' title='bbox 1009 277 1055 322; x_wconf 90' lang='lat'>&amp;</span> <span class='ocrx_word' id='word_1_22' title='bbox 1093 274 1257 322; x_wconf 86' lang='lat' dir='ltr'><strong>idonea</strong></span> <span class='ocrx_word' id='word_1_23' title='bbox 1297 272 1541 336; x_wconf 84' lang='lat' dir='ltr'><strong>cuiquam,</strong></span> 
     </span>
     <span class='ocr_line' id='line_1_4' title="bbox 279 345 1508 416; baseline -0.007 -15"><span class='ocrx_word' id='word_1_24' title='bbox 279 352 462 401; x_wconf 85' lang='lat' dir='ltr'><strong>Addere</strong></span> <span class='ocrx_word' id='word_1_25' title='bbox 501 350 613 416; x_wconf 89' lang='lat' dir='ltr'><strong>quin</strong></span> <span class='ocrx_word' id='word_1_26' title='bbox 657 350 777 398; x_wconf 86' lang='lat' dir='ltr'><strong>aliud</strong></span> <span class='ocrx_word' id='word_1_27' title='bbox 821 351 976 414; x_wconf 81' lang='lat' dir='ltr'><strong>postis,</strong></span> <span class='ocrx_word' id='word_1_28' title='bbox 1018 349 1092 397; x_wconf 88' lang='lat' dir='ltr'><strong>vel</strong></span> <span class='ocrx_word' id='word_1_29' title='bbox 1135 348 1313 397; x_wconf 86' lang='lat' dir='ltr'><strong>demere</strong></span> <span class='ocrx_word' id='word_1_30' title='bbox 1354 345 1508 395; x_wconf 89' lang='lat' dir='ltr'><strong>Sorti.</strong></span> 
     </span>
     <span class='ocr_line' id='line_1_5' title="bbox 281 419 1914 491; baseline -0.006 -18"><span class='ocrx_word' id='word_1_31' title='bbox 281 430 435 475; x_wconf 85' lang='lat' dir='ltr'><strong>Omne</strong></span> <span class='ocrx_word' id='word_1_32' title='bbox 478 425 759 474; x_wconf 62' lang='lat' dir='ltr'><strong>InseROrum</strong></span> <span class='ocrx_word' id='word_1_33' title='bbox 802 424 915 473; x_wconf 84' lang='lat' dir='ltr'><strong>felix</strong></span> <span class='ocrx_word' id='word_1_34' title='bbox 955 443 1122 491; x_wconf 82' lang='lat' dir='ltr'><strong>genus,</strong></span> <span class='ocrx_word' id='word_1_35' title='bbox 1170 441 1310 471; x_wconf 88' lang='lat' dir='ltr'><strong>omne</strong></span> <span class='ocrx_word' id='word_1_36' title='bbox 1350 426 1571 470; x_wconf 82' lang='lat' dir='ltr'><strong>Ferarum</strong></span> <span class='ocrx_word' id='word_1_37' title='bbox 1611 419 1699 468; x_wconf 88' lang='lat' dir='ltr'><strong>est:</strong></span> <span class='ocrx_word' id='word_1_38' title='bbox 1825 426 1914 485; x_wconf 75' lang='lat'><strong>183</strong></span> 
     </span>
     <span class='ocr_line' id='line_1_6' title="bbox 288 496 1651 559; baseline -0.003 -12"><span class='ocrx_word' id='word_1_39' title='bbox 288 503 422 547; x_wconf 87' lang='lat' dir='ltr'><strong>Unus</strong></span> <span class='ocrx_word' id='word_1_40' title='bbox 484 504 645 548; x_wconf 86' lang='lat' dir='ltr'>Homo</span> <span class='ocrx_word' id='word_1_41' title='bbox 685 496 862 545; x_wconf 87' lang='lat' dir='ltr'><strong>Caelum</strong></span> <span class='ocrx_word' id='word_1_42' title='bbox 906 496 1087 545; x_wconf 90' lang='lat' dir='ltr'><strong>crudele</strong></span> <span class='ocrx_word' id='word_1_43' title='bbox 1130 497 1374 559; x_wconf 82' lang='lat' dir='ltr'><strong>expertus?</strong></span> <span class='ocrx_word' id='word_1_44' title='bbox 1418 499 1463 543; x_wconf 89' lang='lat' dir='ltr'><strong>Is</strong></span> <span class='ocrx_word' id='word_1_45' title='bbox 1505 513 1651 554; x_wconf 83' lang='lat' dir='ltr'><strong>unus,</strong></span> 
     </span>
     <span class='ocr_line' id='line_1_7' title="bbox 279 567 1520 641; baseline -0.006 -19"><span class='ocrx_word' id='word_1_46' title='bbox 279 573 482 641; x_wconf 77' lang='lat' dir='ltr'><strong>Augusta</strong></span> <span class='ocrx_word' id='word_1_47' title='bbox 524 573 723 622; x_wconf 84' lang='lat' dir='ltr'><strong>Ratione</strong></span> <span class='ocrx_word' id='word_1_48' title='bbox 766 590 928 637; x_wconf 86' lang='lat' dir='ltr'><strong>potens</strong></span> <span class='ocrx_word' id='word_1_49' title='bbox 972 567 1052 634; x_wconf 80' lang='lat' dir='ltr'><strong>qui</strong></span> <span class='ocrx_word' id='word_1_50' title='bbox 1094 570 1267 629; x_wconf 90' lang='lat' dir='ltr'><strong>fertur,</strong></span> <span class='ocrx_word' id='word_1_51' title='bbox 1310 568 1520 632; x_wconf 86' lang='lat' dir='ltr'><strong>iniquam</strong></span> 
     </span>
     <span class='ocr_line' id='line_1_8' title="bbox 283 642 1668 713; baseline -0.005 -17"><span class='ocrx_word' id='word_1_52' title='bbox 283 648 434 713; x_wconf 84' lang='lat' dir='ltr'><strong>Usque</strong></span> <span class='ocrx_word' id='word_1_53' title='bbox 479 647 600 696; x_wconf 83' lang='lat' dir='ltr'><strong>suam</strong></span> <span class='ocrx_word' id='word_1_54' title='bbox 654 648 839 703; x_wconf 86' lang='lat' dir='ltr'><strong>doleat,</strong></span> <span class='ocrx_word' id='word_1_55' title='bbox 880 643 966 693; x_wconf 75' lang='lat' dir='ltr'><strong>nisi</strong></span> <span class='ocrx_word' id='word_1_56' title='bbox 1016 644 1188 710; x_wconf 84' lang='lat' dir='ltr'><strong>ceperit</strong></span> <span class='ocrx_word' id='word_1_57' title='bbox 1230 642 1418 701; x_wconf 86' lang='lat' dir='ltr'><strong>omnia,</strong></span> <span class='ocrx_word' id='word_1_58' title='bbox 1445 646 1668 690; x_wconf 82' lang='lat' dir='ltr'><strong>Sortem?</strong></span> 
     </span>
     <span class='ocr_line' id='line_1_9' title="bbox 284 716 1477 786; baseline -0.006 -15"><span class='ocrx_word' id='word_1_59' title='bbox 284 727 398 772; x_wconf 90' lang='lat' dir='ltr'><strong>Non</strong></span> <span class='ocrx_word' id='word_1_60' title='bbox 447 723 551 771; x_wconf 89' lang='lat' dir='ltr'><strong>ideo</strong></span> <span class='ocrx_word' id='word_1_61' title='bbox 596 723 656 770; x_wconf 87' lang='lat' dir='ltr'><strong>est</strong></span> <span class='ocrx_word' id='word_1_62' title='bbox 694 720 804 768; x_wconf 83' lang='lat' dir='ltr'><strong>felix</strong></span> <span class='ocrx_word' id='word_1_63' title='bbox 844 718 1039 786; x_wconf 80' lang='lat' dir='ltr'><strong>(felicIa</strong></span> <span class='ocrx_word' id='word_1_64' title='bbox 1084 736 1269 767; x_wconf 84' lang='lat' dir='ltr'><strong>munera</strong></span> <span class='ocrx_word' id='word_1_65' title='bbox 1319 716 1477 765; x_wconf 84' lang='lat' dir='ltr'><strong>Fastus</strong></span> 
     </span>
     <span class='ocr_line' id='line_1_10' title="bbox 284 791 1929 862; baseline -0.006 -16"><span class='ocrx_word' id='word_1_66' title='bbox 284 797 583 860; x_wconf 63' lang='lat' dir='ltr'><strong>Noscat)s1‘</strong></span> <span class='ocrx_word' id='word_1_67' title='bbox 616 797 685 843; x_wconf 88' lang='lat' dir='ltr'><strong>vel</strong></span> <span class='ocrx_word' id='word_1_68' title='bbox 740 810 845 862; x_wconf 79' lang='lat' dir='ltr'><strong>agat</strong></span> <span class='ocrx_word' id='word_1_69' title='bbox 885 834 898 856; x_wconf 87' lang='lat'><strong>,</strong></span> <span class='ocrx_word' id='word_1_70' title='bbox 951 795 1025 842; x_wconf 90' lang='lat' dir='ltr'><strong>vel</strong></span> <span class='ocrx_word' id='word_1_71' title='bbox 1068 793 1188 842; x_wconf 85' lang='lat' dir='ltr'><strong>vires</strong></span> <span class='ocrx_word' id='word_1_72' title='bbox 1230 791 1404 859; x_wconf 81' lang='lat' dir='ltr'><strong>cogitet</strong></span> <span class='ocrx_word' id='word_1_73' title='bbox 1440 792 1562 839; x_wconf 85' lang='lat' dir='ltr'><strong>ultra</strong></span> <span class='ocrx_word' id='word_1_74' title='bbox 1831 813 1929 855; x_wconf 78' lang='lat'><strong>190</strong></span> 
     </span>
     <span class='ocr_line' id='line_1_11' title="bbox 283 866 1644 933; baseline -0.007 -13"><span class='ocrx_word' id='word_1_75' title='bbox 283 871 529 920; x_wconf 78' lang='lat' dir='ltr'><strong>Humanas</strong></span> <span class='ocrx_word' id='word_1_76' title='bbox 567 875 760 929; x_wconf 89' lang='lat' dir='ltr'><strong>Homo,</strong></span> <span class='ocrx_word' id='word_1_77' title='bbox 790 869 860 917; x_wconf 88' lang='lat' dir='ltr'><strong>sed</strong></span> <span class='ocrx_word' id='word_1_78' title='bbox 900 885 1079 919; x_wconf 86' lang='lat' dir='ltr'><strong>tantum</strong></span> <span class='ocrx_word' id='word_1_79' title='bbox 1120 869 1150 916; x_wconf 92' lang='lat' dir='ltr'><strong>s1</strong></span> <span class='ocrx_word' id='word_1_80' title='bbox 1192 871 1404 933; x_wconf 82' lang='lat' dir='ltr'><strong>Corpore</strong></span> <span class='ocrx_word' id='word_1_81' title='bbox 1446 866 1644 930; x_wconf 87' lang='lat' dir='ltr'><strong>praestet‚</strong></span> 
     </span>
     <span class='ocr_line' id='line_1_12' title="bbox 284 940 1809 1012; baseline -0.001 -17"><span class='ocrx_word' id='word_1_82' title='bbox 284 950 445 1012; x_wconf 85' lang='lat' dir='ltr'><strong>Atque</strong></span> <span class='ocrx_word' id='word_1_83' title='bbox 497 945 698 1004; x_wconf 82' lang='lat' dir='ltr'><strong>Animo,</strong></span> <span class='ocrx_word' id='word_1_84' title='bbox 740 962 962 1011; x_wconf 88' lang='lat' dir='ltr'><strong>quantum</strong></span> <span class='ocrx_word' id='word_1_85' title='bbox 1003 950 1219 1002; x_wconf 87' lang='lat' dir='ltr'><strong>Natura,</strong></span> <span class='ocrx_word' id='word_1_86' title='bbox 1261 940 1498 1006; x_wconf 88' lang='lat' dir='ltr'><strong>Locusque</strong></span> <span class='ocrx_word' id='word_1_87' title='bbox 1539 942 1809 1005; x_wconf 88' lang='lat' dir='ltr'><strong>requirunt.</strong></span> 
     </span>
     <span class='ocr_line' id='line_1_13' title="bbox 284 1020 1681 1085; baseline -0.003 -16"><span class='ocrx_word' id='word_1_88' title='bbox 284 1024 384 1070; x_wconf 89' lang='lat' dir='ltr'><strong>Cur</strong></span> <span class='ocrx_word' id='word_1_89' title='bbox 433 1026 591 1069; x_wconf 88' lang='lat' dir='ltr'><strong>Homo</strong></span> <span class='ocrx_word' id='word_1_90' title='bbox 647 1038 737 1068; x_wconf 88' lang='lat' dir='ltr'><strong>non</strong></span> <span class='ocrx_word' id='word_1_91' title='bbox 783 1023 942 1069; x_wconf 91' lang='lat' dir='ltr'><strong>oculos</strong></span> <span class='ocrx_word' id='word_1_92' title='bbox 978 1020 1233 1085; x_wconf 83' lang='lat' dir='ltr'><strong>parvissima</strong></span> <span class='ocrx_word' id='word_1_93' title='bbox 1274 1035 1460 1084; x_wconf 81' lang='lat' dir='ltr'><strong>quaeque</strong></span> <span class='ocrx_word' id='word_1_94' title='bbox 1501 1031 1681 1065; x_wconf 86' lang='lat' dir='ltr'><strong>tuentes</strong></span> 
     </span>
     <span class='ocr_line' id='line_1_14' title="bbox 283 1092 1927 1163; baseline -0.001 -20"><span class='ocrx_word' id='word_1_95' title='bbox 283 1096 538 1160; x_wconf 82' lang='lat' dir='ltr'><strong>Accepit?</strong></span> <span class='ocrx_word' id='word_1_96' title='bbox 576 1095 765 1159; x_wconf 86' lang='lat' dir='ltr'><strong>planum</strong></span> <span class='ocrx_word' id='word_1_97' title='bbox 801 1131 819 1163; x_wconf 9' lang='grc' dir='ltr'><strong>,μ</strong></span> <span class='ocrx_word' id='word_1_98' title='bbox 849 1096 964 1141; x_wconf 91' lang='lat' dir='ltr'><strong>Non</strong></span> <span class='ocrx_word' id='word_1_99' title='bbox 1017 1093 1077 1141; x_wconf 88' lang='lat' dir='ltr'><strong>est</strong></span> <span class='ocrx_word' id='word_1_100' title='bbox 1120 1097 1280 1140; x_wconf 86' lang='lat' dir='ltr'><strong>Homo</strong></span> <span class='ocrx_word' id='word_1_101' title='bbox 1321 1092 1469 1141; x_wconf 88' lang='lat' dir='ltr'><strong>rnusca</strong></span> <span class='ocrx_word' id='word_1_102' title='bbox 1496 1128 1507 1138; x_wconf 92' lang='lat'>.</span> <span class='ocrx_word' id='word_1_103' title='bbox 1556 1094 1676 1151; x_wconf 83' lang='lat' dir='ltr'><strong>Quis</strong></span> <span class='ocrx_word' id='word_1_104' title='bbox 1727 1111 1927 1161; x_wconf 79' lang='lat' dir='ltr'><strong>unquam</strong></span> 
     </span>
     <span class='ocr_line' id='line_1_15' title="bbox 280 1164 1924 1234; baseline -0.001 -18"><span class='ocrx_word' id='word_1_105' title='bbox 280 1168 557 1217; x_wconf 87' lang='lat' dir='ltr'><strong>Vermiculo</strong></span> <span class='ocrx_word' id='word_1_106' title='bbox 599 1167 834 1233; x_wconf 64' lang='lat' dir='ltr'><strong>inspe&amp;o‚</strong></span> <span class='ocrx_word' id='word_1_107' title='bbox 877 1185 1004 1233; x_wconf 80' lang='lat' dir='ltr'><strong>mage</strong></span> <span class='ocrx_word' id='word_1_108' title='bbox 1057 1168 1180 1215; x_wconf 83' lang='lat' dir='ltr'><strong>acuti</strong></span> <span class='ocrx_word' id='word_1_109' title='bbox 1222 1165 1414 1214; x_wconf 87' lang='lat' dir='ltr'><strong>luminis</strong></span> <span class='ocrx_word' id='word_1_110' title='bbox 1459 1164 1559 1212; x_wconf 87' lang='lat' dir='ltr'><strong>usus</strong></span> <span class='ocrx_word' id='word_1_111' title='bbox 1832 1187 1924 1234; x_wconf 77' lang='lat'><strong>¹95</strong></span> 
     </span>
     <span class='ocr_line' id='line_1_16' title="bbox 280 1239 1649 1307; baseline -0.004 -16"><span class='ocrx_word' id='word_1_112' title='bbox 280 1243 353 1291; x_wconf 89' lang='lat' dir='ltr'><strong>Sit</strong></span> <span class='ocrx_word' id='word_1_113' title='bbox 397 1243 518 1301; x_wconf 89' lang='lat' dir='ltr'><strong>tibi,</strong></span> <span class='ocrx_word' id='word_1_114' title='bbox 564 1243 595 1290; x_wconf 91' lang='lat' dir='ltr'>fi</span> <span class='ocrx_word' id='word_1_115' title='bbox 636 1244 682 1290; x_wconf 90' lang='lat' dir='ltr'><strong>in</strong></span> <span class='ocrx_word' id='word_1_116' title='bbox 723 1243 900 1290; x_wconf 86' lang='lat' dir='ltr'><strong>Caelum</strong></span> <span class='ocrx_word' id='word_1_117' title='bbox 942 1260 1137 1307; x_wconf 86' lang='lat' dir='ltr'><strong>nequeas</strong></span> <span class='ocrx_word' id='word_1_118' title='bbox 1178 1241 1450 1306; x_wconf 87' lang='lat' dir='ltr'><strong>protendere</strong></span> <span class='ocrx_word' id='word_1_119' title='bbox 1488 1239 1649 1287; x_wconf 84' lang='lat' dir='ltr'><strong>visus?</strong></span> 
     </span>
     <span class='ocr_line' id='line_1_17' title="bbox 283 1312 1540 1378; baseline -0.004 -13"><span class='ocrx_word' id='word_1_120' title='bbox 283 1321 393 1378; x_wconf 83' lang='lat' dir='ltr'><strong>Quo</strong></span> <span class='ocrx_word' id='word_1_121' title='bbox 442 1317 591 1366; x_wconf 48' lang='lat' dir='ltr'><strong>tacius</strong></span> <span class='ocrx_word' id='word_1_122' title='bbox 632 1318 720 1366; x_wconf 88' lang='lat' dir='ltr'><strong>tibi</strong></span> <span class='ocrx_word' id='word_1_123' title='bbox 760 1316 967 1366; x_wconf 88' lang='lat' dir='ltr'><strong>vividior</strong></span> <span class='ocrx_word' id='word_1_124' title='bbox 998 1354 1011 1376; x_wconf 93' lang='lat'><strong>,</strong></span> <span class='ocrx_word' id='word_1_125' title='bbox 1052 1318 1083 1364; x_wconf 87' lang='lat' dir='ltr'>fi</span> <span class='ocrx_word' id='word_1_126' title='bbox 1133 1316 1258 1366; x_wconf 89' lang='lat' dir='ltr'><strong>triste</strong></span> <span class='ocrx_word' id='word_1_127' title='bbox 1302 1312 1540 1364; x_wconf 55' lang='lat' dir='ltr'><strong>trementi«</strong></span> 
     </span>
     <span class='ocr_line' id='line_1_18' title="bbox 287 1389 1608 1457; baseline -0.002 -17"><span class='ocrx_word' id='word_1_128' title='bbox 287 1392 515 1456; x_wconf 85' lang='lat' dir='ltr'><strong>Corporis</strong></span> <span class='ocrx_word' id='word_1_129' title='bbox 565 1395 796 1441; x_wconf 86' lang='lat' dir='ltr'><strong>excruciet</strong></span> <span class='ocrx_word' id='word_1_130' title='bbox 844 1393 975 1440; x_wconf 88' lang='lat' dir='ltr'><strong>dolor</strong></span> <span class='ocrx_word' id='word_1_131' title='bbox 1018 1409 1177 1440; x_wconf 88' lang='lat' dir='ltr'><strong>omnes</strong></span> <span class='ocrx_word' id='word_1_132' title='bbox 1216 1391 1352 1457; x_wconf 87' lang='lat' dir='ltr'><strong>usque</strong></span> <span class='ocrx_word' id='word_1_133' title='bbox 1403 1389 1608 1438; x_wconf 80' lang='lat' dir='ltr'><strong>meatus?</strong></span> 
     </span>
     <span class='ocr_line' id='line_1_19' title="bbox 290 1466 1549 1533; baseline -0.002 -20"><span class='ocrx_word' id='word_1_134' title='bbox 290 1470 402 1526; x_wconf 84' lang='lat' dir='ltr'><strong>Quo</strong></span> <span class='ocrx_word' id='word_1_135' title='bbox 442 1484 570 1532; x_wconf 84' lang='lat' dir='ltr'><strong>mage</strong></span> <span class='ocrx_word' id='word_1_136' title='bbox 612 1466 820 1514; x_wconf 86' lang='lat' dir='ltr'><strong>senfiferae</strong></span> <span class='ocrx_word' id='word_1_137' title='bbox 854 1485 1008 1528; x_wconf 87' lang='lat' dir='ltr'><strong>nares,</strong></span> <span class='ocrx_word' id='word_1_138' title='bbox 1048 1467 1278 1533; x_wconf 86' lang='lat' dir='ltr'><strong>jaculante</strong></span> <span class='ocrx_word' id='word_1_139' title='bbox 1316 1466 1549 1515; x_wconf 86' lang='lat' dir='ltr'><strong>cerebrum</strong></span> 
     </span>
     <span class='ocr_line' id='line_1_20' title="bbox 284 1539 1934 1601; baseline 0.003 -14"><span class='ocrx_word' id='word_1_140' title='bbox 284 1539 524 1601; x_wconf 88' lang='lat' dir='ltr'><strong>Effiuvio,</strong></span> <span class='ocrx_word' id='word_1_141' title='bbox 567 1540 597 1587; x_wconf 90' lang='lat' dir='ltr'>fi</span> <span class='ocrx_word' id='word_1_142' title='bbox 643 1556 689 1588; x_wconf 91' lang='lat' dir='ltr'><strong>te</strong></span> <span class='ocrx_word' id='word_1_143' title='bbox 733 1539 860 1589; x_wconf 86' lang='lat' dir='ltr'><strong>dulci</strong></span> <span class='ocrx_word' id='word_1_144' title='bbox 899 1540 994 1589; x_wconf 85' lang='lat' dir='ltr'><strong>rosa</strong></span> <span class='ocrx_word' id='word_1_145' title='bbox 1029 1541 1183 1590; x_wconf 89' lang='lat' dir='ltr'><strong>funere</strong></span> <span class='ocrx_word' id='word_1_146' title='bbox 1226 1540 1441 1588; x_wconf 86' lang='lat' dir='ltr'><strong>sternat?</strong></span> <span class='ocrx_word' id='word_1_147' title='bbox 1546 1589 1552 1594; x_wconf 67' lang='grc'><strong>,</strong></span> <span class='ocrx_word' id='word_1_148' title='bbox 1834 1558 1934 1593; x_wconf 80' lang='lat'><strong>200</strong></span> 
     </span>
     <span class='ocr_line' id='line_1_21' title="bbox 286 1613 1496 1682; baseline -0.002 -19"><span class='ocrx_word' id='word_1_149' title='bbox 286 1613 335 1663; x_wconf 88' lang='lat' dir='ltr'><strong>Si</strong></span> <span class='ocrx_word' id='word_1_150' title='bbox 378 1619 563 1664; x_wconf 87' lang='lat' dir='ltr'><strong>Natura</strong></span> <span class='ocrx_word' id='word_1_151' title='bbox 603 1632 768 1664; x_wconf 84' lang='lat' dir='ltr'><strong>tonans</strong></span> <span class='ocrx_word' id='word_1_152' title='bbox 809 1614 969 1663; x_wconf 82' lang='lat' dir='ltr'><strong>caelesti</strong></span> <span class='ocrx_word' id='word_1_153' title='bbox 1010 1619 1066 1664; x_wconf 88' lang='lat' dir='ltr'><strong>ab</strong></span> <span class='ocrx_word' id='word_1_154' title='bbox 1111 1615 1241 1673; x_wconf 87' lang='lat' dir='ltr'><strong>sede,</strong></span> <span class='ocrx_word' id='word_1_155' title='bbox 1280 1631 1496 1682; x_wconf 80' lang='lat' dir='ltr'><strong>crepante</strong></span> 
     </span>
     <span class='ocr_line' id='line_1_22' title="bbox 288 1689 1554 1757; baseline -0.003 -17"><span class='ocrx_word' id='word_1_156' title='bbox 288 1689 531 1740; x_wconf 87' lang='lat' dir='ltr'><strong>Astrorurn</strong></span> <span class='ocrx_word' id='word_1_157' title='bbox 575 1690 816 1740; x_wconf 85' lang='lat' dir='ltr'><strong>harmonia</strong></span> <span class='ocrx_word' id='word_1_158' title='bbox 852 1691 1031 1757; x_wconf 87' lang='lat' dir='ltr'><strong>patulas</strong></span> <span class='ocrx_word' id='word_1_159' title='bbox 1067 1690 1339 1739; x_wconf 87' lang='lat' dir='ltr'><strong>obtunderet</strong></span> <span class='ocrx_word' id='word_1_160' title='bbox 1384 1706 1513 1738; x_wconf 87' lang='lat' dir='ltr'><strong>aures</strong></span> <span class='ocrx_word' id='word_1_161' title='bbox 1540 1725 1554 1747; x_wconf 89' lang='lat'><strong>,</strong></span> 
     </span>
     <span class='ocr_line' id='line_1_23' title="bbox 287 1763 1641 1832; baseline 0 -21"><span class='ocrx_word' id='word_1_162' title='bbox 287 1767 445 1824; x_wconf 83' lang='lat' dir='ltr'><strong>Qam</strong></span> <span class='ocrx_word' id='word_1_163' title='bbox 493 1767 635 1814; x_wconf 87' lang='lat' dir='ltr'><strong>velles</strong></span> <span class='ocrx_word' id='word_1_164' title='bbox 684 1784 813 1832; x_wconf 81' lang='lat' dir='ltr'><strong>grata</strong></span> <span class='ocrx_word' id='word_1_165' title='bbox 853 1783 877 1812; x_wconf 83' lang='lat' dir='ltr'><strong>a</strong></span> <span class='ocrx_word' id='word_1_166' title='bbox 917 1766 1103 1831; x_wconf 83' lang='lat' dir='ltr'><strong>Superis</strong></span> <span class='ocrx_word' id='word_1_167' title='bbox 1142 1765 1228 1812; x_wconf 87' lang='lat' dir='ltr'><strong>tibi</strong></span> <span class='ocrx_word' id='word_1_168' title='bbox 1270 1765 1388 1812; x_wconf 88' lang='lat' dir='ltr'><strong>sorte</strong></span> <span class='ocrx_word' id='word_1_169' title='bbox 1427 1763 1641 1813; x_wconf 62' lang='lat' dir='ltr'><strong>reliffium</strong></span> 
     </span>
     <span class='ocr_line' id='line_1_24' title="bbox 291 1837 1679 1905; baseline 0.003 -20"><span class='ocrx_word' id='word_1_170' title='bbox 291 1838 629 1903; x_wconf 85' lang='lat' dir='ltr'><strong>Tranquillum</strong></span> <span class='ocrx_word' id='word_1_171' title='bbox 672 1840 861 1905; x_wconf 88' lang='lat' dir='ltr'><strong>zephyri</strong></span> <span class='ocrx_word' id='word_1_172' title='bbox 905 1839 1168 1905; x_wconf 88' lang='lat' dir='ltr'><strong>strepitum,</strong></span> <span class='ocrx_word' id='word_1_173' title='bbox 1197 1837 1376 1904; x_wconf 86' lang='lat' dir='ltr'><strong>rivique</strong></span> <span class='ocrx_word' id='word_1_174' title='bbox 1417 1837 1679 1889; x_wconf 75' lang='lat' dir='ltr'><strong>susurrum!</strong></span> 
     </span>
     <span class='ocr_line' id='line_1_25' title="bbox 282 1913 1925 1979; baseline 0.001 -19"><span class='ocrx_word' id='word_1_175' title='bbox 282 1913 405 1973; x_wconf 80' lang='lat' dir='ltr'><strong>Qis</strong></span> <span class='ocrx_word' id='word_1_176' title='bbox 450 1931 546 1962; x_wconf 91' lang='lat' dir='ltr'><strong>non</strong></span> <span class='ocrx_word' id='word_1_177' title='bbox 587 1914 757 1962; x_wconf 82' lang='lat' dir='ltr'><strong>divinae</strong></span> <span class='ocrx_word' id='word_1_178' title='bbox 799 1914 953 1961; x_wconf 87' lang='lat' dir='ltr'><strong>videat</strong></span> <span class='ocrx_word' id='word_1_179' title='bbox 996 1931 1132 1979; x_wconf 87' lang='lat' dir='ltr'><strong>quam</strong></span> <span class='ocrx_word' id='word_1_180' title='bbox 1179 1914 1376 1978; x_wconf 84' lang='lat' dir='ltr'><strong>provida</strong></span> <span class='ocrx_word' id='word_1_181' title='bbox 1413 1913 1569 1961; x_wconf 89' lang='lat' dir='ltr'><strong>Menti</strong></span> <span class='ocrx_word' id='word_1_182' title='bbox 1831 1931 1925 1976; x_wconf 76' lang='lat'><strong>205</strong></span> 
     </span>
     <span class='ocr_line' id='line_1_26' title="bbox 284 1985 1634 2054; baseline -0.001 -18"><span class='ocrx_word' id='word_1_183' title='bbox 284 1988 356 2036; x_wconf 88' lang='lat' dir='ltr'><strong>Sit</strong></span> <span class='ocrx_word' id='word_1_184' title='bbox 397 1988 604 2050; x_wconf 87' lang='lat' dir='ltr'><strong>bonitas,</strong></span> <span class='ocrx_word' id='word_1_185' title='bbox 645 1987 871 2054; x_wconf 90' lang='lat' dir='ltr'><strong>quidquid</strong></span> <span class='ocrx_word' id='word_1_186' title='bbox 915 1991 1097 2046; x_wconf 84' lang='lat' dir='ltr'><strong>tradat,</strong></span> <span class='ocrx_word' id='word_1_187' title='bbox 1142 1988 1219 2036; x_wconf 88' lang='lat' dir='ltr'><strong>vel</strong></span> <span class='ocrx_word' id='word_1_188' title='bbox 1264 1988 1439 2036; x_wconf 87' lang='lat' dir='ltr'><strong>tradere</strong></span> <span class='ocrx_word' id='word_1_189' title='bbox 1484 1985 1634 2035; x_wconf 86' lang='lat' dir='ltr'><strong>nolit?</strong></span> 
     </span>
     <span class='ocr_line' id='line_1_27' title="bbox 284 2062 1488 2120; baseline 0 -10"><span class='ocrx_word' id='word_1_190' title='bbox 284 2065 354 2110; x_wconf 90' lang='lat' dir='ltr'><strong>Ut</strong></span> <span class='ocrx_word' id='word_1_191' title='bbox 399 2081 549 2112; x_wconf 87' lang='lat' dir='ltr'><strong>rerum</strong></span> <span class='ocrx_word' id='word_1_192' title='bbox 602 2063 650 2112; x_wconf 93' lang='lat' dir='ltr'><strong>in</strong></span> <span class='ocrx_word' id='word_1_193' title='bbox 692 2079 794 2112; x_wconf 88' lang='lat' dir='ltr'><strong>toto</strong></span> <span class='ocrx_word' id='word_1_194' title='bbox 840 2064 986 2111; x_wconf 88' lang='lat' dir='ltr'><strong>Series</strong></span> <span class='ocrx_word' id='word_1_195' title='bbox 1023 2062 1289 2113; x_wconf 85' lang='lat' dir='ltr'><strong>extenditur</strong></span> <span class='ocrx_word' id='word_1_196' title='bbox 1333 2063 1488 2120; x_wconf 85' lang='lat' dir='ltr'><strong>Orbe,</strong></span> 
     </span>
     <span class='ocr_line' id='line_1_28' title="bbox 287 2136 1642 2206; baseline 0.001 -22"><span class='ocrx_word' id='word_1_197' title='bbox 287 2136 362 2185; x_wconf 90' lang='lat' dir='ltr'><strong>Sic</strong></span> <span class='ocrx_word' id='word_1_198' title='bbox 406 2137 582 2196; x_wconf 84' lang='lat' dir='ltr'><strong>sensus,</strong></span> <span class='ocrx_word' id='word_1_199' title='bbox 625 2137 880 2202; x_wconf 88' lang='lat' dir='ltr'><strong>mentisque</strong></span> <span class='ocrx_word' id='word_1_200' title='bbox 921 2139 1083 2206; x_wconf 84' lang='lat' dir='ltr'><strong>gradus</strong></span> <span class='ocrx_word' id='word_1_201' title='bbox 1126 2157 1182 2188; x_wconf 83' lang='lat' dir='ltr'><strong>ex</strong></span> <span class='ocrx_word' id='word_1_202' title='bbox 1229 2137 1390 2186; x_wconf 87' lang='lat' dir='ltr'><strong>ordine</strong></span> <span class='ocrx_word' id='word_1_203' title='bbox 1430 2137 1642 2202; x_wconf 80' lang='lat' dir='ltr'><strong>surgunt.</strong></span> 
     </span>
     <span class='ocr_line' id='line_1_29' title="bbox 283 2210 1725 2280; baseline -0.002 -20"><span class='ocrx_word' id='word_1_204' title='bbox 283 2211 385 2261; x_wconf 84' lang='lat' dir='ltr'><strong>Dic</strong></span> <span class='ocrx_word' id='word_1_205' title='bbox 425 2231 507 2280; x_wconf 82' lang='lat' dir='ltr'><strong>age</strong></span> <span class='ocrx_word' id='word_1_206' title='bbox 549 2215 605 2261; x_wconf 86' lang='lat' dir='ltr'><strong>ab</strong></span> <span class='ocrx_word' id='word_1_207' title='bbox 655 2212 848 2261; x_wconf 65' lang='lat' dir='ltr'><strong>Inseffis</strong></span> <span class='ocrx_word' id='word_1_208' title='bbox 888 2231 1130 2262; x_wconf 87' lang='lat' dir='ltr'><strong>numerans</strong></span> <span class='ocrx_word' id='word_1_209' title='bbox 1184 2229 1260 2261; x_wconf 87' lang='lat' dir='ltr'><strong>tot</strong></span> <span class='ocrx_word' id='word_1_210' title='bbox 1311 2211 1516 2260; x_wconf 86' lang='lat' dir='ltr'><strong>millibus</strong></span> <span class='ocrx_word' id='word_1_211' title='bbox 1558 2210 1682 2277; x_wconf 76' lang='lat' dir='ltr'><strong>agri,</strong></span> <span class='ocrx_word' id='word_1_212' title='bbox 1722 2246 1725 2247; x_wconf 23' lang='grc' dir='ltr'><em>ν</em></span> 
     </span>
     <span class='ocr_line' id='line_1_30' title="bbox 287 2287 1936 2356; baseline -0.002 -22"><span class='ocrx_word' id='word_1_213' title='bbox 287 2290 445 2347; x_wconf 85' lang='lat' dir='ltr'><strong>Quam</strong></span> <span class='ocrx_word' id='word_1_214' title='bbox 495 2291 635 2356; x_wconf 82' lang='lat' dir='ltr'><strong>longo</strong></span> <span class='ocrx_word' id='word_1_215' title='bbox 673 2306 823 2337; x_wconf 88' lang='lat' dir='ltr'><strong>rerum</strong></span> <span class='ocrx_word' id='word_1_216' title='bbox 866 2289 1092 2355; x_wconf 75' lang='lat' dir='ltr'><strong>progressu</strong></span> <span class='ocrx_word' id='word_1_217' title='bbox 1132 2287 1263 2336; x_wconf 81' lang='lat' dir='ltr'><strong>distet</strong></span> <span class='ocrx_word' id='word_1_218' title='bbox 1303 2291 1463 2335; x_wconf 90' lang='lat' dir='ltr'><strong>Homo</strong></span> <span class='ocrx_word' id='word_1_219' title='bbox 1503 2289 1640 2333; x_wconf 80' lang='lat' dir='ltr'><strong>Rex:</strong></span> <span class='ocrx_word' id='word_1_220' title='bbox 1836 2301 1936 2336; x_wconf 86' lang='lat'><strong>210</strong></span> 
     </span>
     <span class='ocr_line' id='line_1_31' title="bbox 288 2363 1635 2430; baseline -0.002 -20"><span class='ocrx_word' id='word_1_221' title='bbox 288 2364 427 2421; x_wconf 82' lang='lat' dir='ltr'><strong>Quot</strong></span> <span class='ocrx_word' id='word_1_222' title='bbox 471 2364 596 2413; x_wconf 82' lang='lat' dir='ltr'><strong>visus</strong></span> <span class='ocrx_word' id='word_1_223' title='bbox 640 2364 810 2430; x_wconf 89' lang='lat' dir='ltr'><strong>species</strong></span> <span class='ocrx_word' id='word_1_224' title='bbox 853 2363 936 2412; x_wconf 85' lang='lat' dir='ltr'><strong>illa</strong></span> <span class='ocrx_word' id='word_1_225' title='bbox 979 2364 1102 2412; x_wconf 88' lang='lat' dir='ltr'><strong>intra</strong></span> <span class='ocrx_word' id='word_1_226' title='bbox 1148 2381 1353 2412; x_wconf 83' lang='lat' dir='ltr'><strong>extrema</strong></span> <span class='ocrx_word' id='word_1_227' title='bbox 1394 2363 1635 2419; x_wconf 87' lang='lat' dir='ltr'><strong>locentur,</strong></span> 
     </span>
     <span class='ocr_line' id='line_1_32' title="bbox 283 2437 1633 2503; baseline -0.001 -20"><span class='ocrx_word' id='word_1_228' title='bbox 283 2439 444 2503; x_wconf 84' lang='lat' dir='ltr'><strong>Talpae</strong></span> <span class='ocrx_word' id='word_1_229' title='bbox 480 2439 638 2488; x_wconf 86' lang='lat' dir='ltr'><strong>oculos</strong></span> <span class='ocrx_word' id='word_1_230' title='bbox 680 2440 788 2487; x_wconf 88' lang='lat' dir='ltr'><strong>velo</strong></span> <span class='ocrx_word' id='word_1_231' title='bbox 827 2439 1079 2498; x_wconf 77' lang='lat' dir='ltr'><strong>obduc9t0s,</strong></span> <span class='ocrx_word' id='word_1_232' title='bbox 1108 2441 1153 2487; x_wconf 78' lang='lat'><strong>8&lt;</strong></span> <span class='ocrx_word' id='word_1_233' title='bbox 1191 2437 1366 2499; x_wconf 89' lang='lat' dir='ltr'><strong>Lyncis</strong></span> <span class='ocrx_word' id='word_1_234' title='bbox 1406 2453 1633 2486; x_wconf 86' lang='lat' dir='ltr'><strong>acumen:</strong></span> 
     </span>
     <span class='ocr_line' id='line_1_33' title="bbox 290 2508 1934 2578; baseline -0.002 -19"><span class='ocrx_word' id='word_1_235' title='bbox 290 2510 516 2577; x_wconf 81' lang='lat' dir='ltr'><strong>Quotque</strong></span> <span class='ocrx_word' id='word_1_236' title='bbox 561 2517 664 2561; x_wconf 85' lang='lat' dir='ltr'><strong>Leae</strong></span> <span class='ocrx_word' id='word_1_237' title='bbox 713 2515 729 2577; x_wconf 90' lang='lat'>(</span> <span class='ocrx_word' id='word_1_238' title='bbox 768 2512 837 2575; x_wconf 85' lang='lat'><strong>1)</strong></span> <span class='ocrx_word' id='word_1_239' title='bbox 876 2513 1075 2562; x_wconf 86' lang='lat' dir='ltr'><strong>ardentis</strong></span> <span class='ocrx_word' id='word_1_240' title='bbox 1106 2553 1119 2572; x_wconf 88' lang='lat'>‚</span> <span class='ocrx_word' id='word_1_241' title='bbox 1173 2512 1368 2577; x_wconf 86' lang='lat' dir='ltr'><strong>laesoque</strong></span> <span class='ocrx_word' id='word_1_242' title='bbox 1412 2512 1459 2559; x_wconf 89' lang='lat' dir='ltr'><strong>in</strong></span> <span class='ocrx_word' id='word_1_243' title='bbox 1503 2511 1706 2578; x_wconf 78' lang='lat' dir='ltr'><strong>gramine</strong></span> <span class='ocrx_word' id='word_1_244' title='bbox 1747 2508 1934 2557; x_wconf 84' lang='lat' dir='ltr'><strong>odoram</strong></span> 
     </span>
     <span class='ocr_line' id='line_1_34' title="bbox 284 2585 1569 2655; baseline 0 -23"><span class='ocrx_word' id='word_1_245' title='bbox 284 2585 401 2634; x_wconf 89' lang='lat' dir='ltr'><strong>Vim</strong></span> <span class='ocrx_word' id='word_1_246' title='bbox 451 2588 615 2637; x_wconf 86' lang='lat' dir='ltr'><strong>Catuli</strong></span> <span class='ocrx_word' id='word_1_247' title='bbox 653 2585 808 2636; x_wconf 87' lang='lat' dir='ltr'><strong>inserti</strong></span> <span class='ocrx_word' id='word_1_248' title='bbox 849 2589 1040 2655; x_wconf 83' lang='lat' dir='ltr'><strong>jungant</strong></span> <span class='ocrx_word' id='word_1_249' title='bbox 1077 2586 1342 2636; x_wconf 87' lang='lat' dir='ltr'><strong>discrimina</strong></span> <span class='ocrx_word' id='word_1_250' title='bbox 1376 2586 1569 2643; x_wconf 78' lang='lat' dir='ltr'><strong>sensus:</strong></span> 
     </span>
    </p>
   </div>
   <div class='ocr_carea' id='block_1_2' title="bbox 1716 2659 1861 2719">
    <p class='ocr_par' dir='ltr' id='par_1_2' title="bbox 1716 2659 1861 2719">
     <span class='ocr_line' id='line_1_35' title="bbox 1716 2659 1861 2719; baseline 0 -14"><span class='ocrx_word' id='word_1_251' title='bbox 1716 2659 1861 2719; x_wconf 67' lang='lat' dir='ltr'><strong>Quid·</strong></span> 
     </span>
    </p>
   </div>
   <div class='ocr_carea' id='block_1_3' title="bbox 144 2804 1939 2964">
    <p class='ocr_par' dir='ltr' id='par_1_3' title="bbox 144 2804 1939 2964">
     <span class='ocr_line' id='line_1_36' title="bbox 193 2804 1939 2858; baseline -0.003 -14"><span class='ocrx_word' id='word_1_252' title='bbox 193 2805 214 2851; x_wconf 89' lang='lat'>(</span> <span class='ocrx_word' id='word_1_253' title='bbox 244 2823 260 2844; x_wconf 87' lang='lat'>1</span> <span class='ocrx_word' id='word_1_254' title='bbox 291 2805 311 2852; x_wconf 86' lang='lat'>)</span> <span class='ocrx_word' id='word_1_255' title='bbox 342 2807 477 2844; x_wconf 86' lang='lat' dir='ltr'><strong>Leones</strong></span> <span class='ocrx_word' id='word_1_256' title='bbox 505 2807 542 2843; x_wconf 86' lang='lat' dir='ltr'><strong>in</strong></span> <span class='ocrx_word' id='word_1_257' title='bbox 571 2806 693 2845; x_wconf 81' lang='lat' dir='ltr'><strong>Africa</strong></span> <span class='ocrx_word' id='word_1_258' title='bbox 719 2810 918 2858; x_wconf 71' lang='lat' dir='ltr'><strong>praedatum</strong></span> <span class='ocrx_word' id='word_1_259' title='bbox 947 2820 1012 2848; x_wconf 80' lang='lat' dir='ltr'><strong>no·</strong></span> <span class='ocrx_word' id='word_1_260' title='bbox 1068 2813 1155 2854; x_wconf 82' lang='lat' dir='ltr'><strong>tur,</strong></span> <span class='ocrx_word' id='word_1_261' title='bbox 1189 2809 1227 2849; x_wconf 73' lang='grc' dir='ltr'><strong>δι</strong></span> <span class='ocrx_word' id='word_1_262' title='bbox 1254 2807 1429 2858; x_wconf 85' lang='lat' dir='ltr'><strong>capiant.</strong></span> <span class='ocrx_word' id='word_1_263' title='bbox 1473 2809 1593 2852; x_wconf 85' lang='lat' dir='ltr'><strong>Quam</strong></span> <span class='ocrx_word' id='word_1_264' title='bbox 1634 2817 1714 2843; x_wconf 84' lang='lat' dir='ltr'><strong>vere</strong></span> <span class='ocrx_word' id='word_1_265' title='bbox 1753 2804 1867 2852; x_wconf 71' lang='lat' dir='ltr'><strong>igitur</strong></span> <span class='ocrx_word' id='word_1_266' title='bbox 1903 2804 1939 2839; x_wconf 86' lang='lat' dir='ltr'><strong>id</strong></span> 
     </span>
     <span class='ocr_line' id='line_1_37' title="bbox 145 2852 1937 2912; baseline -0.007 -8"><span class='ocrx_word' id='word_1_267' title='bbox 145 2852 204 2889; x_wconf 50' lang='grc' dir='ltr'><strong>ξω</strong></span> <span class='ocrx_word' id='word_1_268' title='bbox 231 2862 400 2912; x_wconf 53' lang='grc' dir='ltr'><strong>Βχῧῑῇΰῒθθ</strong></span> <span class='ocrx_word' id='word_1_269' title='bbox 419 2884 430 2902; x_wconf 80' lang='lat'><strong>&gt;</strong></span> <span class='ocrx_word' id='word_1_270' title='bbox 469 2858 590 2906; x_wconf 77' lang='lat' dir='ltr'><strong>rugitu</strong></span> <span class='ocrx_word' id='word_1_271' title='bbox 620 2858 747 2899; x_wconf 83' lang='lat' dir='ltr'><strong>bestias</strong></span> <span class='ocrx_word' id='word_1_272' title='bbox 777 2870 913 2900; x_wconf 83' lang='lat' dir='ltr'><strong>terrent</strong></span> <span class='ocrx_word' id='word_1_273' title='bbox 932 2889 943 2909; x_wconf 90' lang='lat'>‚</span> <span class='ocrx_word' id='word_1_274' title='bbox 972 2870 1012 2896; x_wconf 85' lang='lat' dir='ltr'><strong>ut</strong></span> <span class='ocrx_word' id='word_1_275' title='bbox 1067 2859 1167 2896; x_wconf 85' lang='lat' dir='ltr'><strong>dicat</strong></span> <span class='ocrx_word' id='word_1_276' title='bbox 1196 2874 1217 2897; x_wconf 82' lang='lat' dir='ltr'><strong>a</strong></span> <span class='ocrx_word' id='word_1_277' title='bbox 1262 2859 1444 2896; x_wconf 84' lang='lat' dir='ltr'><strong>Leonibus</strong></span> <span class='ocrx_word' id='word_1_278' title='bbox 1484 2857 1668 2896; x_wconf 76' lang='lat' dir='ltr'><strong>odorando</strong></span> <span class='ocrx_word' id='word_1_279' title='bbox 1706 2855 1784 2892; x_wconf 76' lang='lat' dir='ltr'><strong>fieri</strong></span> <span class='ocrx_word' id='word_1_280' title='bbox 1829 2857 1937 2892; x_wconf 78' lang='lat' dir='ltr'><strong>Poeta</strong></span> 
     </span>
     <span class='ocr_line' id='line_1_38' title="bbox 144 2904 1517 2964; baseline 0.004 -25"><span class='ocrx_word' id='word_1_281' title='bbox 144 2915 206 2940; x_wconf 79' lang='lat' dir='ltr'><strong>eas</strong></span> <span class='ocrx_word' id='word_1_282' title='bbox 234 2904 413 2954; x_wconf 82' lang='lat' dir='ltr'><strong>fug1entes</strong></span> <span class='ocrx_word' id='word_1_283' title='bbox 441 2909 577 2963; x_wconf 40' lang='lat' dir='ltr'><strong>audito,</strong></span> <span class='ocrx_word' id='word_1_284' title='bbox 603 2909 753 2960; x_wconf 75' lang='lat' dir='ltr'><strong>strepitu</strong></span> <span class='ocrx_word' id='word_1_285' title='bbox 798 2913 1012 2964; x_wconf 80' lang='lat' dir='ltr'><strong>persequan-</strong></span> <span class='ocrx_word' id='word_1_286' title='bbox 1065 2911 1208 2961; x_wconf 83' lang='lat' dir='ltr'><strong>noster,</strong></span> <span class='ocrx_word' id='word_1_287' title='bbox 1236 2910 1303 2950; x_wconf 82' lang='lat' dir='ltr'><strong>alii</strong></span> <span class='ocrx_word' id='word_1_288' title='bbox 1335 2910 1517 2949; x_wconf 79' lang='lat' dir='ltr'><strong>viderint.</strong></span> 
     </span>
    </p>
   </div>
  </div>
 </body>
</html>
