2284 3436
554 144 905 191 LIBER
997 140 1550 189 TERTIUS.
1802 159 1861 200 29

129 365 369 510 HIC
411 365 556 434 igitur
598 365 805 415 standum
845 365 905 415 est
948 365 1110 417 nobis:
1150 400 1182 424 ‚‚
1225 362 1507 414 Communis
1550 364 1604 410 ad
1647 381 1787 411 unum

336 479 365 501 „
407 446 572 490 Fertur
612 461 751 507 agens
791 443 959 489 Finem
987 479 1000 500 ,
1042 441 1174 490 vario
1206 440 1280 489 sed
1322 439 1469 489 Causa
1511 455 1696 486 tenore.
1736 470 1769 498 „

279 519 402 564 Cum
445 514 537 564 sani
581 514 860 564 immodicus
901 533 981 564 nos
1025 515 1250 579 Corporis
1290 516 1459 579 abripit
1498 515 1647 573 aestus,

278 595 402 640 Cum
443 592 600 639 Fastus
644 590 841 656 species,
885 592 931 636 &
971 592 1129 651 Opum
1169 588 1409 652 imperiosa
1455 589 1676 650 Cupido,

280 667 467 728 Noffle,
509 666 674 731 dieque
714 664 823 713 adsit
864 680 1029 729 magna
1070 663 1161 711 haec
1202 662 1441 709 Sententia
1472 660 1620 720 Veri,
1909 675 1942 721 5

277 744 510 809 Praecipue
554 742 604 790 in
647 739 852 789 monitus
895 756 1000 786 cum
1045 737 1266 785 solvimus
1308 755 1387 785 ora
1416 772 1428 796 ‚
1470 736 1735 803 precesque.

279 818 616 883 Contemplare
657 816 863 864 Orbem:
903 813 1054 862 foedus
1095 812 1391 878 circumspice
1431 811 1622 861 Amoris

282 891 483 954 Infima,
524 895 570 941 δε
612 892 706 939 alta
749 909 842 938 uno
882 889 1057 937 socians
1097 888 1227 937 fimul
1267 886 1426 936 omnia
1469 905 1621 952 nexu3

286 967 516 1033 Conspice
558 965 751 1015 fifi'tricis
792 970 982 1015 Naturae
1023 983 1188 1013 munus
1230 963 1278 1012 in
1321 963 1405 1011 isto

291 1045 473 1091 Totum
504 1062 670 1108 opere,
689 1060 830 1106 utque
860 1041 1026 1087 instent
1055 1039 1221 1088 Atomi
1253 1035 1859 1103 fibiquaeque‚trahantque
1884 1052 1946 1083 10

289 1115 487 1165 Vicinas
534 1118 714 1175 traciae,
757 1133 894 1180 atque
937 1115 1054 1179 aptis
1096 1114 1138 1161 se
1179 1112 1219 1161 se
1261 1114 1399 1178 usque
1442 1112 1600 1179 figuris

282 1192 509 1257 Undique
549 1191 793 1256 complexu
833 1190 1044 1239 certatim
1088 1204 1270 1253 perpete
1310 1189 1536 1254 jungant3

284 1266 556 1332 Conspice,
595 1285 646 1314 ut
686 1265 735 1312 in
779 1267 912 1313 vario
957 1264 1066 1312 vitae
1108 1262 1354 1328 spiramine
1395 1277 1566 1328 quaerat

283 1343 509 1391 Materies
549 1347 811 1391 Commune
853 1345 1065 1399 Bonum,
1103 1339 1362 1405 frufi'tusque
1406 1337 1617 1405 vigentes

281 1416 525 1464 Sufficiant
566 1417 731 1465 Vitam
773 1414 998 1474 extinc‘ti,
1042 1413 1244 1479 Vitaque
1284 1414 1429 1463 soluta
1890 1430 1945 1476 15

286 1491 406 1539 Inde
448 1491 616 1540 iterum
655 1491 910 1557 incipiant,
956 1490 1084 1538 velut
1126 1507 1263 1547 ante,
1311 1489 1565 1555 vigescere,
1604 1491 1650 1536 δε
1691 1488 1826 1553 usque

288 1569 469 1615 Rerum
510 1568 611 1614 aliae
653 1566 834 1631 Species
874 1565 979 1613 aliis
1023 1562 1316 1632 pereuntibus
1348 1564 1491 1612 adsint

284 1641 720 1708 (Qiandoquidem
761 1640 954 1690 alternis
994 1641 1035 1689 se
1077 1640 1118 1688 se
1162 1644 1326 1698 Mors,
1367 1639 1577 1704 Vitaque
1623 1640 1777 1689 sistunt
1811 1640 1827 1703 )

295 1721 426 1766 Ortae
465 1716 681 1766 Materiae
724 1717 787 1765 in.
814 1717 966 1766 medio
1004 1717 1135 1765 velut
1173 1722 1404 1781 AEquore.
1434 1715 1567 1762 bullae
1592 1752 1606 1773 ‚

293 1796 411 1852 Quae
457 1793 675 1859 surgunt,
715 1809 813 1857 quae
852 1806 1154 1855 rumpuntur,
1196 1792 1456 1856 pelagoque
1498 1790 1730 1838 relidunt.
1874 1807 1941 1838 20

284 1871 547 1916 Externum
590 1865 708 1914 nihil
748 1866 854 1914 inde
896 1882 1043 1926 errat,
1083 1864 1156 1912 sed
1196 1863 1372 1931 fingula
1411 1863 1533 1912 Toti

291 1941 612 2007 Prospiciunt,
655 1943 701 1988 δι’
740 1944 883 1989 Mens
927 1939 948 2006 (
983 1959 1001 1991 1
1041 1939 1057 2003 )
1097 1939 1279 1987 extensa
1325 1958 1403 2003 per
1440 1938 1628 1998 omnia,
1671 1940 1840 2005 ubique

293 2018 468 2065 Omnia
509 2016 783 2077 conservat,
824 2013 1034 2064 minimis
1076 2018 1122 2063 ὃς
1164 2013 1366 2063 maxima
1408 2013 1586 2072 nefflit,

297 2096 441 2141 Bruta
485 2093 702 2158 jubetque
747 2090 976 2149 Homini,
1004 2108 1141 2155 atque
1183 2089 1444 2140 Hominem
1485 2088 1740 2138 succurrere
1766 2090 1952 2146 Brutis,

299 2167 556 2216 Communi
602 2166 780 2215 auxilio
820 2167 929 2215 stare
968 2166 1155 2225 omnia,
1197 2166 1356 2231 nilque
1397 2165 1601 2230 relinqui
1887 2181 1943 2227 25
1973 2170 1985 2182 ⁶

291 2244 480 2302 Solum,
526 2261 746 2309 perpetuo
787 2242 897 2291 licet
939 2242 1105 2291 ultima
1146 2241 1195 2288 in
1235 2241 1414 2290 Ordine
1457 2242 1603 2288 celet.

297 2321 429 2367 Num
471 2318 588 2379 tibi,
629 2319 806 2378 Stulte,
847 2318 928 2368 uni
969 2320 1098 2367 Deus
1139 2318 1233 2365 haec
1276 2317 1471 2382 jucunda
1512 2316 1740 2364 bonorum

298 2398 531 2454 Munera,
573 2395 786 2453 delicias,
828 2395 1123 2461 cultumque,
1164 2393 1409 2458 cibumque
1449 2389 1661 2457 paravit?

305 2470 512 2519 Mollem
550 2469 835 2536 qui-mensis
876 2469 963 2517 tibi
1009 2472 1192 2518 damam
1234 2468 1414 2526 nutrit,
1455 2467 1625 2514 amicus

296 2549 448 2609 AEque
489 2545 589 2603 illi,
631 2545 773 2594 variis
814 2544 1076 2610 conspergit
1107 2542 1296 2591 floribus
1337 2559 1471 2590 arva.
1891 2553 1956 2602 30

302 2623 436 2668 Num
477 2618 554 2667 dat
598 2620 778 2668 Alauda
821 2621 907 2667 tibi
953 2617 1158 2666 sublimis
1198 2618 1248 2665 in
1290 2615 1465 2669 aethere—
1496 2615 1689 2664 cantus?

301 2693 489 2743 Laetitia
527 2693 723 2744 inflectit
764 2713 961 2755 vocem,
1001 2695 1128 2743 levat
1167 2691 1244 2742 illa
1285 2692 1521 2743 volatum.

1755 2765 1883 2811 Num

221 2893 240 2937 (
270 2903 286 2927 1
317 2892 337 2938 )
366 2890 544 2931 Virtutem
575 2891 739 2932 divinam
768 2892 938 2944 intellige
962 2920 974 2943 ,
1017 2891 1063 2932 ad
1092 2892 1216 2932 omnia
1245 2891 1512 2942 pertinentem,
1532 2897 1603 2924 non
1630 2886 1746 2945 Deum
1775 2887 1963 2931 tamquam

166 2941 330 2980 animam
357 2942 492 2981 Mundo
520 2942 707 2984 infusam.
