2284 3436
549 114 590 160 L
634 114 656 160 I
698 115 735 159 B
777 113 821 159 E
864 114 907 159 R
1014 114 1049 159 P
1094 116 1140 159 R
1185 114 1206 159 I
1249 115 1306 161 M
1347 119 1390 163 U
1436 120 1465 162 S
1486 153 1496 163 .

283 187 425 246 Ordo,
463 205 517 235 ac
546 186 848 248 sensibilium,
894 186 953 232 (9³
992 187 1228 234 ‘carentium
1267 203 1437 250 corpore
1482 196 1763 241 Facultatum
1805 141 1946 249 sZries

288 264 426 309 elucet
455 298 467 311 .
518 261 637 309 Hinc
676 279 742 307 res
772 260 867 315 fibi
903 262 1093 310 invicem
1132 263 1236 309 aliis
1277 265 1377 310 alne
1421 265 1495 327 ius
1530 268 1659 313 vimzt
1695 305 1707 326 ‚
1748 273 1804 316 (Υ
1845 278 1946 320 sen-

280 337 390 398 sus,
428 337 684 397 Instinflus,
719 338 1011 400 Cogitationis
1052 353 1141 385 tum
1162 339 1406 401 simplicis,
1451 355 1544 387 tum
1586 343 1630 389 in
1661 346 1707 404 se
1749 347 1943 406 rcfsxae,

281 414 341 458 (J
380 411 587 460 Rationis
619 414 792 479 gradus
824 416 929 478 sunt
960 446 973 460 .
1025 415 1161 462 Ratio
1203 430 1345 462 tamen
1399 434 1487 463 una
1528 418 1675 465 ceteris
1708 422 1945 481 facinati-

290 487 372 534 bus
402 489 612 550 praestat.

137 566 186 611 8.
227 564 451 620 „Quantum
492 565 562 609 hic
603 564 754 624 Ordo,
783 563 842 609 ἴθ’
875 563 1098 625 graduum
1137 563 1279 609 Series
1320 566 1364 610 in
1406 569 1534 613 rebus
1575 572 1678 615 vita
1717 572 1943 633 praeditis,

280 650 371 685 tam
402 640 571 703 supra,
611 657 743 702 quam
785 638 906 700 insta
945 656 1018 684 nos
1060 640 1319 685 extendatur
1357 678 1368 698 ‚
1411 641 1475 687 ito
1517 656 1566 688 ut
1599 648 1799 708 pffrtium
1840 666 1946 709 [με.

285 715 392 762 libet
428 716 675 778 interrupta
714 730 852 760 rerum
889 715 1074 761 omnium
1115 717 1287 761 Nexum
1318 716 1382 771 sit
1423 699 1709 779 convulsum}

136 803 184 846 9.
226 790 530 847 Perverfitas‚
574 793 632 836 (9⁴
673 791 831 848 Fasti-ts
871 792 1071 838 Hominis
1109 793 1200 837 tale
1238 792 1465 854 quidpiam
1510 797 1785 859 exoptantis.

142 880 220 915 ιο.
310 867 457 929 uisque
499 866 705 925 tandem,
738 866 882 927 quoad
915 868 1164 929 praesentem
1202 885 1317 931 aeque
1346 903 1360 926 ‚
1400 886 1450 916 ac
1483 868 1687 928 futurum
1731 875 1941 931 Statum,

286 941 583 990 Providentiae
613 944 663 1006 se
693 943 742 1005 ſse
782 942 910 988 debet
942 942 1221 1006 submittere.

239 1172 364 1235 Urge
404 1170 423 1235 (
458 1168 531 1233 1)
575 1170 924 1229 HENRICE,
967 1167 1248 1218 minutarum
1290 1168 1384 1219 fine
1424 1171 1601 1222 sordida
1640 1188 1795 1241 captet

132 1163 232 1310 S
275 1242 497 1294 Ambitio
536 1246 581 1292 δε
621 1247 807 1310 Regum
846 1244 1003 1293 Fastus
1042 1242 1125 1293 fibi
1167 1243 1351 1294 somnia
1392 1264 1572 1298 rerum.

283 1323 480 1369 Mecum
522 1337 605 1388 age
651 1323 668 1386 (
700 1319 787 1368 vix
825 1319 950 1369 aliud
990 1319 1240 1386 siquidem,
1283 1339 1424 1386 quam
1467 1324 1584 1390 poffe
1624 1325 1744 1374 tueri

281 1398 385 1443 Nos
428 1393 546 1459 ipsos
588 1394 791 1453 circum,
834 1395 1069 1461 mortique
1107 1396 1409 1459 occumbere,
1450 1400 1589 1447 nobis

279 1469 399 1518 Vita
437 1470 514 1518 dat
554 1466 572 1530 )
616 1469 737 1518 hanc
779 1469 1005 1518 Hominis
1043 1475 1242 1519 Scenam
1283 1490 1493 1537 percurre
1533 1473 1735 1534 solutus,
1919 1495 1937 1540 5

280 1542 456 1594 Arcani
500 1543 845 1606 Labyrinthum
884 1543 1069 1611 operis,
1111 1562 1267 1594 tamen
1308 1548 1471 1596 ordine
1512 1548 1733 1608 stantem,

276 1620 430 1668 Triste
472 1619 632 1668 Solum
658 1656 673 1679 ‚
717 1620 1000 1687 reddensque
1040 1620 1184 1671 malas
1223 1640 1329 1671 cum
1371 1623 1563 1673 floribus
1601 1625 1792 1687 herbas,

284 1700 388 1744 Aut
428 1695 591 1745 vetitis
632 1697 793 1746 oculos
837 1713 1103 1747 tentantem
1146 1697 1370 1747 fruffibus
1410 1703 1645 1750 Hortum.

272 1774 420 1818 Hunc
460 1771 666 1835 amplum
706 1772 880 1835 pariter
920 1777 1154 1837 Campum
1194 1773 1487 1836 quatiamus‚
1529 1777 1576 1823 8<
1617 1776 1743 1825 ultro

279 1844 422 1904 Quod
463 1844 635 1908 promit
659 1881 672 1903 ‚
709 1845 921 1910 celatque
963 1845 1092 1907 finu,
1133 1847 1393 1913 trafflusque
1435 1863 1648 1900 notemus
1878 1870 1942 1904 10

277 1916 550 1977 AbstrusOS,
596 1918 727 1967 caecis
766 1922 813 1967 &
855 1919 1084 1986 quidquid
1127 1920 1266 1986 serpit
1309 1923 1359 1969 in
1401 1923 1603 1983 umbris,

276 1992 522 2060 Quidquid
565 1996 611 2042 ὅ(
653 1994 748 2043 alta
793 2011 955 2059 petens
997 1994 1234 2063 vertigine
1276 1996 1491 2047 volvitur
1529 2013 1659 2049 atra.

279 2071 473 2118 Naturae
511 2069 742 2119 servemus
782 2070 899 2130 iter,
943 2070 1189 2138 medioque
1229 2073 1392 2122 volatu

279 2143 495 2209 Dejicere
536 2148 785 2206 Errorem,
832 2162 971 2213 atque
1009 2165 1117 2197 ortu
1154 2147 1431 2214 deprendere
1472 2146 1521 2196 in
1560 2147 1658 2216 ipso

283 2219 505 2269 Instemus
551 2222 739 2270 Mores:
783 2239 873 2287 qua
914 2222 1003 2282 fas,
1050 2223 1104 2271 s1t
1145 2222 1288 2283 risus,
1329 2226 1374 2272 8<
1417 2239 1549 2290 aptus
1872 2244 1930 2288 13

279 2295 352 2343 Sit
391 2296 584 2365 candor3
623 2296 697 2346 sed
737 2291 894 2347 sanaa
935 2297 1142 2348 Homini
1185 2299 1263 2348 via
1303 2299 1527 2349 Numinis
1565 2299 1688 2350 estc.

278 2371 409 2431 Qid
451 2374 611 2433 Deus,
655 2391 733 2422 aut
772 2373 884 2439 quid
926 2379 1087 2425 Homo
1126 2393 1151 2424 a
1192 2375 1344 2424 nostro
1384 2375 1502 2424 ferat
1540 2376 1737 2442 amplius
1777 2394 1856 2426 ore
1880 2415 1893 2437 ‚

283 2448 439 2507 Quam
478 2449 602 2514 quod
643 2449 721 2498 dat
763 2448 911 2500 Ratio
948 2452 966 2516 (
1000 2471 1027 2502 2
1060 2451 1076 2515 )
1117 2470 1142 2499 e
1190 2451 1317 2500 notis
1356 2450 1576 2500 deducere
1619 2452 1786 2518 fignis?

282 2523 384 2570 Aut
425 2540 515 2588 qua
557 2539 694 2573 notus
733 2529 895 2574 Homo
934 2525 1100 2588 nobis,
1144 2525 1228 2574 nisi
1269 2543 1319 2576 ut
1363 2527 1528 2576 Incola
1568 2530 1762 2585 Terrae,

1713 2601 1850 2651 Unde

177 2765 198 2806 (
231 2781 246 2804 1
276 2764 295 2812 )
323 2763 500 2804 Henricus
528 2764 572 2802 de
599 2769 633 2805 S.
662 2770 799 2815 Joanne
826 2766 927 2806 Vice
932 2769 1005 2805 Co·
1055 2780 1211 2818 genere,
1240 2768 1279 2808 ἃ
1304 2767 1494 2818 doarina,
1523 2769 1561 2809 δε
1588 2770 1729 2810 meritis
1757 2771 1902 2813 clarus.

132 2821 208 2850 mes
234 2814 278 2851 de
305 2814 584 2866 Bolingbroke‚
603 2818 661 2855 cui
692 2820 821 2857 Poema
849 2819 918 2856 hoc
948 2819 1004 2856 di·
1105 2825 1125 2865 (
1152 2835 1174 2857 2
1202 2823 1223 2870 )
1251 2819 1396 2860 Rene.
1426 2824 1509 2859 Non
1536 2823 1631 2860 enim
1676 2823 1777 2861 aliud
1817 2823 1930 2872 potest

132 2871 254 2901 catum
283 2866 354 2914 est,
384 2870 494 2906 Annae
522 2866 619 2905 olim
647 2870 795 2920 Reginae
823 2884 844 2908 a
886 2871 1013 2909 Confi·
1063 2873 1187 2930 Homo
1225 2873 1439 2925 cognoscere
1489 2874 1559 2913 fine
1606 2875 1836 2915 Revelatione
1871 2874 1928 2913 di-

133 2909 222 2962 liis,
250 2914 285 2956 ἃ
310 2917 470 2965 epistolis
497 2899 752 2962 secretioribus
792 2919 866 2961 fuit
893 2948 905 2971 ,
947 2923 1013 2963 Vir
1060 2922 1171 2963 vina.
