2284 3436
666 129 716 177 Ο
830 131 882 178 D
993 131 1038 180 E
1218 124 1298 177 11.
1767 144 1829 194 75

376 211 455 257 Ne
495 205 626 256 finite
667 205 743 255 hic
783 206 973 255 miseros
1012 197 1231 253 reliC'tum

263 279 401 330 Ciere
441 282 651 348 questus:
692 280 874 342 Sistite,
915 279 1053 329 sistite
1811 284 1906 343 163

258 357 475 424 Fugam.
519 358 671 430 Soluti
714 357 903 406 tramite
945 353 1148 422 fulgido,

350 431 449 491 Qui
488 431 693 483 flammat
734 431 987 494 occasum,
1028 429 1258 495 liquentes

370 508 448 554 Ex
489 509 636 558 oculis
678 509 842 557 abeunt
887 508 937 556 in
981 522 1139 555 auras-

259 580 346 628 Sed
386 598 483 646 quae
523 584 714 650 superbo
760 584 927 632 nobilis
966 578 1149 630 Ordine

264 656 561 707 Snovvdonis
603 662 747 708 altum
788 659 892 706 lene
933 657 1061 720 supet·
1098 654 1260 720 jugum
1814 669 1912 715 170

331 731 618 794 Descendit,
659 736 704 782 &
747 732 877 780 cirris
917 727 1123 778 coruscas

367 808 587 872 Explicat
626 806 845 857 irradiata
885 805 1031 854 vestes

256 880 417 946 Imago
458 884 634 931 Scenae!
677 881 886 940 Parcite,
927 877 1106 930 Gloriae

261 955 530 1020 SpeRacla‚
570 956 692 1006 visus
737 958 935 1015 laedere,
979 973 1060 1006 nec
1098 968 1251 1003 meam

333 1032 432 1079 Vos
476 1049 583 1082 nata
624 1033 829 1081 nondum
869 1031 1028 1089 Secla,
1072 1028 1233 1077 vestris
1810 1043 1905 1094 173

370 1108 659 1156 Ponderibus
700 1107 934 1157 cumulate
976 1119 1207 1155 mentem.

258 1177 395 1228 Ultra
435 1184 638 1248 gementi
685 1201 775 1230 non
817 1200 903 1249 ego
943 1180 1192 1229 lacrimans

263 1257 523 1305 Arthurum
570 1261 586 1324 (
620 1277 638 1307 1
673 1257 694 1323 )
738 1258 999 1322 ademptum
1039 1251 1241 1303 carmine
1283 1249 1550 1318 prosequar.

337 1332 522 1381 Salvete
564 1336 716 1398 Reges
756 1334 772 1397 (
809 1350 832 1379 2
866 1332 924 1396 )‚
965 1347 1129 1379 norma
1167 1331 1383 1395 Regum,

374 1405 574 1455 Seminis
614 1406 839 1475 Angliaci
880 1423 1111 1473 propago,
1812 1402 1912 1448 180

256 1479 421 1530 cinai
462 1484 760 1548 Optimatum
801 1482 1095 1550 magnanimo
1139 1476 1326 1546 agmine

260 1557 452 1607 Stellata
486 1558 661 1607 tollunt
703 1575 938 1624 tempora:
980 1555 1221 1623 splendidae

335 1636 599 1695 Matronae,
643 1635 689 1682 &
728 1633 910 1700 augusta
952 1629 1146 1682 verendi

383 1707 602 1767 Canitie‚
645 1709 874 1774 niveaque
915 1708 1089 1770 barba,

271 1786 506 1847 Certoque
552 1782 666 1830 clari
709 1782 921 1831 Confilio
963 1780 1092 1829 fimul
1813 1777 1908 1836 185

268 1861 436 1906 Parent
477 1855 721 1905 Ministri.
760 1859 876 1918 Quae
917 1855 1119 1905 medium
1163 1869 1295 1903 tenet

339 1930 524 1981 Divina
565 1934 581 1999 (
615 1950 640 1998 3
677 1932 693 1994 )
736 1936 928 1981 Coetum
971 1932 1169 1980 Forma!
1211 1926 1352 1978 Laetis

371 2007 577 2057 Nuntiat
614 2007 702 2055 Illa
741 2007 893 2056 oculis
932 2007 1161 2056 Britanna

258 2087 336 2135 De
375 2080 509 2148 stirpe
551 2082 769 2131 Nomen.
810 2081 977 2131 Gratia
1018 2079 1232 2148 Virginis

261 2156 381 2209 Acri
422 2157 596 2205 Leonis
639 2160 765 2225 (4)
811 2157 958 2205 mixta
999 2156 1157 2205 animo
1182 2193 1195 2215 ‚
1236 2156 1282 2202 8<
1321 2166 1497 2203 metum
1810 2167 1911 2218 190

344 2235 497 2280 Frons
540 2231 811 2298 imperatrix
849 2232 979 2280 dulce
1018 2231 1191 2299 spirans

375 2306 623 2371 Temperie
662 2307 902 2374 geminant
944 2309 1210 2356 Decorem.

268 2378 484 2430 Inufitati
523 2383 604 2448 qui
643 2381 804 2431 fidium
847 2381 946 2432 soni

1083 2459 1130 2504 K
1209 2476 1238 2508 2.
1652 2453 1843 2499 Tremo-

166 2623 189 2668 ε
211 2629 228 2655 ι
254 2618 275 2667 )
303 2619 439 2669 Opinio
481 2619 686 2660 communis
711 2619 808 2672 apud
835 2617 986 2658 Wallos
1037 2617 1155 2659 cinati
1186 2619 1290 2668 sunt,
1318 2619 1357 2657 in
1384 2619 1529 2659 familia
1567 2617 1790 2657 nobiliffima
1828 2618 1908 2653 Tu-

117 2682 223 2717 erat‚
252 2671 450 2710 Arthurum
477 2674 638 2722 Regem,
664 2673 729 2723 qui
772 2672 881 2722 vulgo
924 2683 986 2708 ex·
1038 2669 1187 2710 doriana
1215 2672 1322 2709 exitu
1348 2671 1630 2720 comprobatum
1657 2669 1822 2708 videtur.

116 2719 252 2760 tin&us
279 2722 476 2773 putabatur
507 2751 518 2771 ‚
555 2723 680 2762 vivum
716 2736 761 2762 ex
788 2723 904 2765 Italia
942 2721 988 2760 ad
1091 2723 1112 2770 (
1140 2736 1159 2774 3
1189 2725 1209 2772 )
1238 2723 1380 2773 Regina
1405 2722 1643 2761 Elisabetha.

121 2769 316 2812 Britanniae
344 2775 504 2824 regimen
532 2774 698 2814 rediisse.
1092 2776 1115 2817 (
1140 2787 1169 2822 4
1193 2777 1214 2823 )
1241 2775 1372 2813 Talem
1402 2775 1438 2813 se
1475 2773 1628 2814 ostendit
1665 2767 1874 2810 Elisabetha
1899 2791 1916 2818 ‚

175 2822 197 2868 (
224 2833 246 2858 2
275 2826 297 2870 )
326 2827 434 2871 Quod
463 2827 666 2875 Merlinus,
684 2827 722 2866 ὅτ
748 2825 990 2865 Thalieffinus
1041 2839 1122 2865 curn
1159 2827 1322 2864 oratoris
1359 2827 1486 2865 Poloni
1538 2822 1763 2864 Dzialinskii
1805 2819 1917 2860 auda·

125 2875 246 2930 Poeta.
271 2875 403 2921 Bardi,
443 2877 597 2916 Wallici
639 2879 791 2927 Impetii
830 2876 995 2926 dignita·
1046 2877 1146 2916 ciam
1173 2876 1450 2929 perterrefecit.

142 2935 199 2960 em
236 2936 274 2961 1n
302 2925 368 2966 hac
399 2927 520 2966 Insula
556 2929 754 2969 restitutam
792 2927 869 2968 fore
898 2929 997 2968 vati-
