2284 3436
335 210 401 259 30
911 196 951 242 L
1031 192 1054 237 Ι
1138 195 1175 239 Β
1255 196 1296 242 E
1375 196 1419 240 R

405 270 536 316 Num
579 265 662 315 tibi
703 268 837 317 dulce
878 267 1019 316 melos
1060 264 1254 316 effundit
1295 264 1563 318 Aci-edula?
1600 263 1798 310 Amores

409 341 574 402 Illius,
615 343 880 409 insolitique
919 343 1083 392 inflant
1127 342 1201 391 sua
1242 359 1427 411 guttura
1467 356 1646 388 motus·

416 421 565 478 Acer,
606 436 698 483 quo
739 437 904 485 pompa
944 420 1103 467 vegius
1146 418 1406 483 splendente
1452 413 1649 482 superbis
1677 452 1689 474 ‚

414 498 539 542 Cum
580 495 777 542 domino
822 494 1015 558 Sonipes
1054 493 1239 548 Faunis,
1279 497 1325 539 δε
1364 491 1529 554 gaudia
1569 492 1744 557 carpit.

405 569 485 618 Est
527 585 611 619 tua,
646 568 899 628 sementis,
936 583 1066 614 terrae
1103 582 1200 629 quae
1240 563 1454 631 contegit
1493 569 1686 628 aequor?

411 649 625 692 Granum
669 661 856 708 quaeque
895 642 1021 690 suum
1064 640 1162 688 caeli
1194 638 1346 687 incola
1388 639 1598 687 vindicat
1637 641 1781 690 Ales.

401 719 482 768 Est
527 734 604 767 tua
643 734 745 767 tota
783 736 946 768 natans
988 717 1108 783 seges
1147 733 1281 764 aurea
1321 714 1486 764 divitis
1529 716 1691 763 Anni?

403 793 520 850 justa
564 796 846 844 laborantem
889 793 1095 858 sequitur
1140 810 1240 859 pars
1282 811 1373 840 una
1414 795 1698 847 Juvencum:

405 874 468 915 ‘fit
508 874 616 931 δας,
659 871 739 936 qui
781 888 864 918 nec
906 887 1029 929 arat,
1072 886 1155 916 nec
1195 886 1336 916 voces
1389 867 1517 915 audit
1573 866 1774 926 herile3‚

407 945 698 994 Cun&01·um
738 944 941 992 Domini
982 941 1140 1002 vivit,
1176 945 1433 1011 gaudetque
1472 942 1657 991 labore.
1698 946 1714 1009 (
1758 959 1775 987 1
1812 939 1834 1007 )

406 1020 631 1069 Partitam
663 1021 709 1068 in
739 1023 888 1067 Natos
930 1022 1123 1067 Naturae
1149 1020 1338 1085 agnosce
1378 1015 1591 1067 Parentis

404 1099 609 1162 Curam3
652 1095 793 1142 Pellis
834 1094 936 1141 obit
978 1097 1195 1157 Regem,
1235 1111 1334 1156 quae
1375 1093 1552 1141 foverat
1590 1091 1790 1154 Ursum,

405 1176 562 1233 Atque
595 1169 864 1227 meosrdum
906 1167 1074 1214 clamat
1118 1170 1282 1215 Homo
1322 1165 1426 1215 sunt
1464 1165 1626 1214 omnia
1666 1167 1715 1215 in
1755 1167 1885 1231 usus,

397 1248 471 1292 En
516 1248 677 1292 Homo
717 1244 782 1291 mi
811 1242 987 1300 faffms,
1016 1240 1311 1309 pinguescens
1349 1240 1532 1308 subjicit
1574 1243 1752 1294 Anser.

399 1325 517 1381 Quae
558 1321 742 1377 tutela,
774 1316 1285 1382 locusspastuslchaec
1325 1319 1482 1367 omnia
1523 1319 1687 1378 novit,

396 1399 504 1443 Nec
546 1395 589 1443 se
629 1395 900 1461 pascendum
945 1392 1073 1440 videt
1114 1393 1296 1442 Anser.
1325 1393 1507 1450 Judicat
1544 1393 1657 1455 ille,

394 1470 544 1519 Anser
584 1472 682 1531 uti,
724 1470 878 1529 ῑεᾶὶε,
923 1467 1122 1517 multum
1165 1467 1236 1516 sed
1282 1468 1462 1517 fallitur
1504 1467 1657 1526 idem,

389 1549 603 1603 Mentem
645 1546 675 1592 st
717 1545 885 1610 specstes
926 1542 1180 1592 Hominis.
1217 1543 1291 1593 Sic
1329 1543 1508 1592 lumine
1550 1542 1690 1591 Reffi

386 1624 507 1669 Non
549 1620 702 1669 minus
745 1621 805 1668 est
848 1620 1035 1668 orbatus
1078 1624 1268 1677 Homo,
1308 1618 1388 1683 qui
1429 1620 1608 1684 cogitat
1650 1617 1730 1666 uni

389 1694 568 1743 Omnia
606 1697 725 1744 suffia
764 1694 873 1753 fibi,
916 1713 1011 1743 non
1052 1696 1142 1761 jam
1183 1693 1226 1742 se
1264 1693 1308 1741 se
1346 1693 1559 1742 omnibus
1601 1709 1773 1742 unum.

392 1771 583 1819 Fortior
623 1771 860 1818 imbellem
903 1769 1209 1834 quantum-vis
1252 1767 1444 1828 vincat,
1488 1773 1533 1818 δε
1572 1766 1666 1832 ipse

386 1847 527 1893 Mens
571 1846 624 1893 fit
668 1849 828 1892 Homo
867 1861 1016 1891 rerum
1061 1845 1297 1910 princeps,
1336 1844 1609 1909 Mundique
1644 1857 1900 1915 tyrannus3

383 1924 527 1970 Hunc
571 1925 751 1989 Regem
792 1925 977 1969 Natura
1003 1917 1200 1978 domat,
1233 1918 1410 1984 solique
1449 1918 1608 1968 videre

387 1998 489 2044 Dat
527 1998 674 2055 mala,
718 1997 795 2043 dat
833 1995 1022 2060 praesens
1059 1994 1162 2043 aliis
1204 1994 1406 2060 praestare
1447 1993 1686 2042 levamen.

386 2070 485 2118 Dic
526 2089 636 2139 age,
678 2088 792 2119 num
834 2068 1015 2136 liquido
1054 2069 1258 2135 delapsus
1302 2070 1358 2117 ab
1400 2069 1565 2118 aethere
1604 2084 1762 2132 parcet

388 2148 661 2212 Accipiter,
702 2164 857 2212 captus
899 2147 1055 2211 pluma
1095 2144 1345 2206 variante,
1384 2143 1651 2193 Columbo?

383 2225 588 2271 Auratas
629 2239 737 2272 num
783 2222 893 2270 Pica
931 2221 1077 2288 stupet
1116 2219 1436 2283 Chrysallidos
1476 2221 1620 2269 alas?

390 2297 595 2346 Milvius
636 2317 714 2348 aut
755 2297 921 2362 praebet
961 2297 1235 2346 Philomelae
1274 2295 1488 2345 cantibus
1524 2298 1711 2349 aurem?

389 2374 564 2420 Omnia
604 2375 705 2422 sunt
746 2373 949 2421 Homini
988 2391 1130 2422 curae.
1169 2376 1258 2420 Sua
1299 2372 1463 2437 pabula
1501 2371 1662 2421 Brutis

390 2449 483 2496 Ille
522 2450 632 2507 dat,
674 2449 881 2498 Alitibus
919 2448 1077 2509 lucos,
1116 2451 1175 2497 3<
1203 2446 1409 2496 Piscibus
1447 2448 1623 2498 undas

389 2522 579 2572 Scilicet
620 2524 818 2574 Utilitas
856 2524 1042 2583 illum,
1064 2525 1271 2591 majorve
1312 2523 1576 2590 Voluptas,

390 2599 482 2646 Vel
524 2601 680 2649 Fastus
723 2600 920 2667 prodesse
960 2600 1125 2668 doc-erg
1168 2599 1374 2666 curisque
1417 2599 1594 2664 superbi

387 2674 568 2722 CunE'ta
612 2677 771 2742 vigent
810 2676 1045 2736 Domini,
1083 2676 1377 2745 gaudentque
1421 2679 1662 2729 extendier
1700 2679 1791 2730 illo

389 2752 515 2799 Cum
555 2752 692 2799 Luxu
731 2750 812 2799 fibi
853 2745 1058 2817 jucundae
1100 2771 1282 2819 quoque
1322 2767 1528 2818 tempora
1571 2756 1711 2806 vitae2

1869 2825 1959 2875 Ille

1991 811 2064 858 40

1979 1194 2047 1241 45¹

1982 1941 2036 1989 55

1964 2682 2027 2743 53

294 2924 331 2970 (
343 2936 360 2960 1
392 2926 412 2973 )
439 2927 591 2974 Homo,
614 2923 827 2965 cunstorum
851 2926 1056 2979 Dominus,
1074 2927 1299 2971 animalibus
1321 2925 1506 2967 inservit..
1544 2926 1635 2965 Nort
1658 2925 1715 2964 eni
1720 2936 1759 2964 m
1785 2923 1863 2975 ipse
1886 2923 2040 2971 unicus„

239 2972 279 3012 ὅτ
304 2974 455 3015 ultimus
478 2990 680 3018 creatarum
706 2991 824 3017 rerum
852 2977 955 3017 Finis
979 2959 1056 3019 est.
