2284 3436
657 167 701 215 C
781 166 822 211 A
904 161 1320 211 RtM‘T‘N
1394 164 1471 210 A.
1775 173 1869 220 115

284 244 402 307 Quis
443 258 513 292 tot
555 238 798 289 blanditiis
838 236 1074 296 obsistere,
1111 233 1272 302 quisve
1314 232 1496 283 sonanti

446 316 645 366 Dulcius
685 316 744 363 ah
787 313 935 362 valeat
1873 320 1943 361 40

291 392 532 443 Miffilium
574 390 766 451 nimbo,
805 405 943 455 quem
986 405 1063 447 tu,
1104 385 1194 435 Vis
1233 384 1435 444 musica,
1481 378 1667 438 fundiS,

433 467 506 516 Sit
545 466 655 516 licet
698 466 736 513 is
778 465 971 526 chalybe

284 542 491 602 Durior,
535 544 580 590 8<
620 540 796 590 silicum
838 539 1000 600 venis,
1046 538 1259 604 circaque
1300 532 1524 586 medullas

441 617 678 666 Strue‘tum
721 617 966 664 adamanta
1007 632 1165 683 gerat,

283 694 332 742 Si
374 708 482 743 trux
521 690 636 751 ille,
678 691 828 753 ferus,
874 689 993 740 nulli
1027 687 1284 740 vincendus
1323 689 1341 753 (
1380 703 1398 732 ι
1432 682 1454 750 )
1497 677 1709 732 Achilles
1869 699 1932 745 45

435 766 575 816 Visus
616 766 892 815 amabilibus

286 841 578 892 Chordarum
621 841 790 908 linguis
833 857 1085 889 memorem
1125 835 1271 889 le'nIre
1314 851 1557 903 parumper

411 921 619 978 ‘Curam
661 915 1118 980 Agamemnoniam,

292 989 480 1040 Laetitia
520 988 780 1038 indomitos
818 987 969 1037 cordis
1007 987 1246 1053 superante
1287 984 1490 1047 furores,

445 1062 791 1128 Terribilesque
831 1063 1007 1112 minas?
1881 1074 1946 1121 50

291 1145 377 1190 Per
417 1144 492 1190 Te
534 1155 734 1187 mutatas
772 1137 972 1205 generosi
1014 1134 1213 1202 pastoris
1254 1135 1374 1195 iras,

440 1219 542 1264 Ceu
572 1217 703 1274 Leo,
748 1212 880 1261 torsit
920 1229 1055 1261 atrox

288 1290 451 1340 Peehis
489 1290 538 1337 in
576 1289 895 1346 Ηεὸἶοῑειιτη,
934 1288 979 1334 &
1022 1285 1248 1353 Trojanis
1286 1289 1448 1334 Graeca
1486 1285 1701 1351 rependit
1757 1320 1760 1323 »
1799 1320 1802 1322 v

433 1367 615 1413 Funera
656 1362 913 1412 funeribus.
1648 1363 1652 1365 ’

290 1442 375 1489 Per
412 1441 484 1488 Te
524 1434 678 1487 Pellaei
718 1438 870 1505 proles
912 1437 930 1502 (
963 1457 985 1486 z
1017 1436 1034 1501 )
1076 1435 1257 1504 augusta
1290 1433 1500 1502 Philippi
1755 1470 1759 1473 1
1810 1434 1815 1436 ’
1888 1449 1947 1495 55

442 1513 723 1580 Belligerum
766 1513 949 1563 exacuit
1649 1511 1654 1514 ’

290 1593 348 1639 In
394 1589 547 1639 castris
585 1588 825 1649 animum,
872 1586 1082 1657 Phrygia
1122 1605 1227 1637 cum
1271 1580 1372 1653 lege
1417 1584 1623 1635 vibrares

444 1664 698 1729 Irrequieta
742 1665 934 1723 modos,

288 1738 570 1805 Sedavitque
611 1739 799 1798 eadem,
846 1757 952 1788 cum
997 1743 1077 1788 Tu
1125 1734 1384 1787 submiffius
1430 1734 1519 1783 olli

439 1814 645 1862 Auribus
689 1813 917 1862 incideres
1884 1809 1951 1858 60

287 1887 482 1937 Flebilis
527 1887 765 1937 harmonia
812 1888 975 1950 Lyda,
1016 1904 1115 1953 quae
1155 1886 1387 1954 frangeret
1430 1883 1546 1933 acris

446 1964 561 2011 Vim
603 1962 800 2013 nimiam
837 1963 1062 2018 Juvenis.

286 2042 333 2087 O
375 2056 514 2104 quam
551 2043 624 2086 Te
666 2056 948 2100 memorem,
990 2055 1087 2104 quae
1130 2053 1252 2086 nune
1299 2034 1497 2085 imitaris
1538 2034 1592 2083 ab
1635 2033 1733 2083 alto

441 2114 634 2164 AEthere
675 2114 920 2163 deciduum

291 2189 592 2238 Nofilurnum
635 2207 814 2249 rorem,
856 2189 1035 2252 patulas
1073 2187 1154 2251 qui
1201 2185 1407 2235 molliter
1444 2185 1605 2233 herbas
1788 2229 1791 2232 .
1885 2181 1947 2243 65

441 2265 567 2311 Laeta
610 2281 689 2330 per
731 2281 843 2312 arva
884 2263 1017 2320 beat,
1522 2257 1549 2277 ⁴·
1653 2264 1659 2270 “

288 2340 433 2386 Nunc
472 2339 643 2402 pluviae
682 2355 863 2405 guttas,
905 2337 1069 2403 rapidae
1111 2355 1236 2385 nune
1282 2334 1526 2404 grandinis
1567 2331 1716 2392 ierus,

443 2416 585 2461 Nunc
636 2414 863 2463 tonitrum
904 2412 1095 2478 trepidis

288 2488 551 2551 Ventorum
597 2487 647 2536 in
695 2490 820 2538 luffla
863 2489 1132 2536 reboantem
1171 2484 1400 2546 nubibus,
1444 2498 1522 2532 aut
1562 2501 1680 2549 quos

339 2567 341 2569 ’
453 2560 726 2633 Ignjfefowe
755 2563 951 2632 'gremio’
1026 2612 1029 2614 ,
1136 2578 1139 2582 ’
1525 2577 1529 2580 ·
1781 2608 1786 2612 ,
1884 2575 1952 2617 70

1125 2641 1161 2686 P
1245 2653 1268 2683 2
1708 2635 1877 2681 Erum-

194 2754 216 2802 (
247 2746 315 2802 ι’)
348 2750 530 2792 Homerus
572 2754 765 2793 Achillem¹
795 2755 831 2794 se
860 2738 1033 2794 *ciihaia'
1123 2757 1143 2803 (
1169 2719 1490 2804 2³32).Ti»!110iheus⁹
1515 2730 1680 2791 Fi'dicen'
1707 2730 1970 2790 Alexandrum·

144 2803 243 2842 intra
270 2806 434 2843 tentoria
460 2805 701 2845 obleaanzem
732 2806 898 2856 inducit,
926 2807 1018 2845 ut&
1071 2809 1248 2854 Magnum
1291 2807 1398 2844 modo
1439 2805 1596 2854 Phrygio
1635 2805 1677 2842 in
1714 2803 1873 2840 furorem
1911 2814 1952 2839 e-

146 2852 468 2894 dolorem'leniret
508 2857 647 2906 suum,
691 2859 729 2897 ἃ
766 2872 878 2897 novas
922 2860 1016 2896 vires
1071 2858 1184 2907 giffe,
1213 2857 1329 2903 Lydio
1356 2869 1441 2897 vero
1486 2856 1617 2896 sedasse
1656 2855 1793 2894 dicitur
1829 2851 1949 2892 furore

145 2915 272 2943 contra
313 2906 506 2944 Hestorem
555 2909 753 2957 aliquando
795 2917 1017 2961 pugnaturus
1071 2920 1305 2958 correptum.

146 2964 315 3007 caperet.
346 2959 479 2996 Plutar.
508 2959 548 2996 de
583 2959 674 3007 Mus.
