<?xml version="1.0" encoding="UTF-8"?>
<!DOCTYPE html PUBLIC "-//W3C//DTD XHTML 1.0 Transitional//EN"
    "http://www.w3.org/TR/xhtml1/DTD/xhtml1-transitional.dtd">
<html xmlns="http://www.w3.org/1999/xhtml" xml:lang="en" lang="en">
 <head>
  <title>
</title>
<meta http-equiv="Content-Type" content="text/html;charset=utf-8" />
  <meta name='ocr-system' content='tesseract 3.04.00' />
  <meta name='ocr-capabilities' content='ocr_page ocr_carea ocr_par ocr_line ocrx_word'/>
</head>
<body>
  <div class='ocr_page' id='page_1' title='image "./poemaalexandripo00costuoft_0104.png"; bbox 0 0 2284 3436; ppageno 0'>
   <div class='ocr_carea' id='block_1_1' title="bbox 383 188 1793 1136">
    <p class='ocr_par' dir='ltr' id='par_1_1' title="bbox 383 188 1793 1136">
     <span class='ocr_line' id='line_1_1' title="bbox 383 188 1742 250; baseline 0.002 -14"><span class='ocrx_word' id='word_1_1' title='bbox 383 207 444 250; x_wconf 86' lang='lat'>92</span> <span class='ocrx_word' id='word_1_2' title='bbox 749 188 1742 244; x_wconf 82' lang='lat' dir='ltr'><strong>JOANNIS·COSTA</strong></span> 
     </span>
     <span class='ocr_line' id='line_1_2' title="bbox 457 263 1034 314; baseline 0.002 -1"><span class='ocrx_word' id='word_1_3' title='bbox 457 267 692 314; x_wconf 83' lang='lat' dir='ltr'>Matronae</span> <span class='ocrx_word' id='word_1_4' title='bbox 731 263 808 312; x_wconf 85' lang='lat' dir='ltr'>hic</span> <span class='ocrx_word' id='word_1_5' title='bbox 847 265 1034 314; x_wconf 81' lang='lat' dir='ltr'>aderant</span> 
     </span>
     <span class='ocr_line' id='line_1_3' title="bbox 1091 342 1310 387; baseline 0.009 -2"><span class='ocrx_word' id='word_1_6' title='bbox 1091 342 1310 387; x_wconf 73' lang='lat' dir='ltr'><em>Eubulus.</em></span> 
     </span>
     <span class='ocr_line' id='line_1_4' title="bbox 1111 414 1776 477; baseline 0.006 -15"><span class='ocrx_word' id='word_1_7' title='bbox 1111 414 1245 462; x_wconf 87' lang='lat' dir='ltr'>vobis</span> <span class='ocrx_word' id='word_1_8' title='bbox 1286 416 1401 463; x_wconf 92' lang='lat' dir='ltr'>bene</span> <span class='ocrx_word' id='word_1_9' title='bbox 1439 431 1588 477; x_wconf 70' lang='lat' dir='ltr'>notae,</span> <span class='ocrx_word' id='word_1_10' title='bbox 1630 416 1776 467; x_wconf 82' lang='lat' dir='ltr'>aliena</span> 
     </span>
     <span class='ocr_line' id='line_1_5' title="bbox 448 490 1614 549; baseline 0 -10"><span class='ocrx_word' id='word_1_11' title='bbox 448 490 652 542; x_wconf 82' lang='lat' dir='ltr'>Suffultae</span> <span class='ocrx_word' id='word_1_12' title='bbox 692 491 853 540; x_wconf 84' lang='lat' dir='ltr'>dextra</span> <span class='ocrx_word' id='word_1_13' title='bbox 892 490 1153 540; x_wconf 80' lang='lat' dir='ltr'>molliffima</span> <span class='ocrx_word' id='word_1_14' title='bbox 1192 490 1403 549; x_wconf 81' lang='lat' dir='ltr'>brachia,</span> <span class='ocrx_word' id='word_1_15' title='bbox 1611 508 1614 510; x_wconf 82' lang='lat'>·</span> 
     </span>
     <span class='ocr_line' id='line_1_6' title="bbox 1043 566 1341 613; baseline 0 -1"><span class='ocrx_word' id='word_1_16' title='bbox 1043 566 1341 613; x_wconf 81' lang='lat' dir='ltr'>Philocaenus.</span> 
     </span>
     <span class='ocr_line' id='line_1_7' title="bbox 1415 640 1638 707; baseline 0 -19"><span class='ocrx_word' id='word_1_17' title='bbox 1415 640 1638 707; x_wconf 80' lang='lat' dir='ltr'>gemmis,</span> 
     </span>
     <span class='ocr_line' id='line_1_8' title="bbox 451 715 1676 782; baseline 0 -18"><span class='ocrx_word' id='word_1_18' title='bbox 451 721 614 781; x_wconf 86' lang='lat' dir='ltr'><strong>Atque</strong></span> <span class='ocrx_word' id='word_1_19' title='bbox 656 734 766 764; x_wconf 84' lang='lat' dir='ltr'>auro</span> <span class='ocrx_word' id='word_1_20' title='bbox 806 715 1028 782; x_wconf 77' lang='lat' dir='ltr'>infigneS,</span> <span class='ocrx_word' id='word_1_21' title='bbox 1068 716 1274 782; x_wconf 83' lang='lat' dir='ltr'>pretiofis</span> <span class='ocrx_word' id='word_1_22' title='bbox 1317 715 1512 765; x_wconf 77' lang='lat' dir='ltr'>vestibus</span> <span class='ocrx_word' id='word_1_23' title='bbox 1554 733 1676 765; x_wconf 84' lang='lat' dir='ltr'>artus</span> 
     </span>
     <span class='ocr_line' id='line_1_9' title="bbox 446 791 997 856; baseline 0.004 -18"><span class='ocrx_word' id='word_1_24' title='bbox 446 793 566 839; x_wconf 84' lang='lat' dir='ltr'>Tam</span> <span class='ocrx_word' id='word_1_25' title='bbox 607 791 757 856; x_wconf 84' lang='lat' dir='ltr'>lepide</span> <span class='ocrx_word' id='word_1_26' title='bbox 797 810 997 852; x_wconf 83' lang='lat' dir='ltr'>ornatae,</span> 
     </span>
     <span class='ocr_line' id='line_1_10' title="bbox 1101 870 1326 915; baseline -0.004 -2"><span class='ocrx_word' id='word_1_27' title='bbox 1101 870 1326 915; x_wconf 82' lang='lat' dir='ltr'><em>Eubulus.</em></span> 
     </span>
     <span class='ocr_line' id='line_1_11' title="bbox 1044 939 1793 1007; baseline 0.001 -19"><span class='ocrx_word' id='word_1_28' title='bbox 1044 940 1117 989; x_wconf 89' lang='lat' dir='ltr'>sed</span> <span class='ocrx_word' id='word_1_29' title='bbox 1157 960 1252 990; x_wconf 88' lang='lat' dir='ltr'>non</span> <span class='ocrx_word' id='word_1_30' title='bbox 1290 939 1556 1007; x_wconf 66' lang='lat' dir='ltr'>pellucidae,</span> <span class='ocrx_word' id='word_1_31' title='bbox 1599 939 1793 1007; x_wconf 84' lang='lat' dir='ltr'>opinor,</span> 
     </span>
     <span class='ocr_line' id='line_1_12' title="bbox 445 1015 1180 1076; baseline 0 -13"><span class='ocrx_word' id='word_1_32' title='bbox 445 1015 626 1064; x_wconf 84' lang='lat' dir='ltr'>Punicae</span> <span class='ocrx_word' id='word_1_33' title='bbox 667 1015 736 1066; x_wconf 87' lang='lat' dir='ltr'>uti</span> <span class='ocrx_word' id='word_1_34' title='bbox 780 1017 922 1064; x_wconf 73' lang='grc' dir='ltr'>ῃοέὶιι</span> <span class='ocrx_word' id='word_1_35' title='bbox 963 1016 1180 1076; x_wconf 68' lang='lat' dir='ltr'>laternae,</span> 
     </span>
     <span class='ocr_line' id='line_1_13' title="bbox 1046 1091 1344 1136; baseline -0.003 -1"><span class='ocrx_word' id='word_1_36' title='bbox 1046 1091 1344 1136; x_wconf 55' lang='lat' dir='ltr'>Philocte-aus.</span> 
     </span>
    </p>
   </div>
   <div class='ocr_carea' id='block_1_2' title="bbox 429 1161 1845 2958">
    <p class='ocr_par' dir='ltr' id='par_1_2' title="bbox 429 1161 1845 2958">
     <span class='ocr_line' id='line_1_14' title="bbox 1203 1161 1580 1230; baseline 0.003 -20"><span class='ocrx_word' id='word_1_37' title='bbox 1203 1162 1397 1224; x_wconf 87' lang='lat' dir='ltr'>syrmate</span> <span class='ocrx_word' id='word_1_38' title='bbox 1437 1161 1580 1230; x_wconf 82' lang='lat' dir='ltr'>longo</span> 
     </span>
     <span class='ocr_line' id='line_1_15' title="bbox 437 1239 871 1299; baseline 0 -13"><span class='ocrx_word' id='word_1_39' title='bbox 437 1239 576 1288; x_wconf 87' lang='lat' dir='ltr'>Atria</span> <span class='ocrx_word' id='word_1_40' title='bbox 609 1255 871 1299; x_wconf 82' lang='lat' dir='ltr'>verrentes,</span> 
     </span>
     <span class='ocr_line' id='line_1_16' title="bbox 1123 1316 1355 1364; baseline 0.017 -4"><span class='ocrx_word' id='word_1_41' title='bbox 1123 1316 1355 1364; x_wconf 83' lang='lat' dir='ltr'><em>Eubulus.</em></span> 
     </span>
     <span class='ocr_line' id='line_1_17' title="bbox 911 1386 1527 1453; baseline 0 -19"><span class='ocrx_word' id='word_1_42' title='bbox 911 1386 1081 1435; x_wconf 86' lang='lat' dir='ltr'>indutae</span> <span class='ocrx_word' id='word_1_43' title='bbox 1123 1388 1348 1453; x_wconf 85' lang='lat' dir='ltr'>palliolo,</span> <span class='ocrx_word' id='word_1_44' title='bbox 1390 1403 1527 1452; x_wconf 83' lang='lat' dir='ltr'>atque</span> 
     </span>
     <span class='ocr_line' id='line_1_18' title="bbox 443 1462 1543 1531; baseline -0.002 -19"><span class='ocrx_word' id='word_1_45' title='bbox 443 1464 634 1531; x_wconf 82' lang='lat' dir='ltr'>Exiguo</span> <span class='ocrx_word' id='word_1_46' title='bbox 676 1462 794 1512; x_wconf 86' lang='lat' dir='ltr'>circa</span> <span class='ocrx_word' id='word_1_47' title='bbox 839 1462 1285 1528; x_wconf 81' lang='lat' dir='ltr'>collum-pendente</span> <span class='ocrx_word' id='word_1_48' title='bbox 1326 1463 1543 1523; x_wconf 81' lang='lat' dir='ltr'>cucullo,</span> 
     </span>
     <span class='ocr_line' id='line_1_19' title="bbox 436 1537 1538 1604; baseline -0.002 -18"><span class='ocrx_word' id='word_1_49' title='bbox 436 1540 500 1586; x_wconf 87' lang='lat' dir='ltr'>Et</span> <span class='ocrx_word' id='word_1_50' title='bbox 542 1557 681 1604; x_wconf 84' lang='lat' dir='ltr'>parvo</span> <span class='ocrx_word' id='word_1_51' title='bbox 723 1538 907 1589; x_wconf 84' lang='lat' dir='ltr'>extanti</span> <span class='ocrx_word' id='word_1_52' title='bbox 948 1537 1127 1587; x_wconf 85' lang='lat' dir='ltr'>turritis</span> <span class='ocrx_word' id='word_1_53' title='bbox 1169 1539 1372 1590; x_wconf 83' lang='lat' dir='ltr'>crinibus</span> <span class='ocrx_word' id='word_1_54' title='bbox 1412 1538 1538 1594; x_wconf 77' lang='lat' dir='ltr'>ense.</span> 
     </span>
     <span class='ocr_line' id='line_1_20' title="bbox 1069 1615 1362 1666; baseline 0.01 -4"><span class='ocrx_word' id='word_1_55' title='bbox 1069 1615 1362 1666; x_wconf 82' lang='lat' dir='ltr'><em>Philocaenus.</em></span> 
     </span>
     <span class='ocr_line' id='line_1_21' title="bbox 430 1687 1692 1738; baseline -0.001 -2"><span class='ocrx_word' id='word_1_56' title='bbox 430 1689 536 1736; x_wconf 88' lang='lat' dir='ltr'>Nec</span> <span class='ocrx_word' id='word_1_57' title='bbox 577 1706 672 1737; x_wconf 88' lang='lat' dir='ltr'>non</span> <span class='ocrx_word' id='word_1_58' title='bbox 717 1689 970 1737; x_wconf 85' lang='lat' dir='ltr'>nostrorum</span> <span class='ocrx_word' id='word_1_59' title='bbox 1014 1689 1276 1737; x_wconf 67' lang='lat' dir='ltr'>lefflffirnus</span> <span class='ocrx_word' id='word_1_60' title='bbox 1321 1687 1692 1738; x_wconf 84' lang='lat' dir='ltr'>Ordovirorum</span> 
     </span>
     <span class='ocr_line' id='line_1_22' title="bbox 430 1761 1771 1829; baseline -0.002 -17"><span class='ocrx_word' id='word_1_61' title='bbox 430 1763 669 1812; x_wconf 84' lang='lat' dir='ltr'>Accubuit</span> <span class='ocrx_word' id='word_1_62' title='bbox 712 1765 872 1813; x_wconf 83' lang='lat' dir='ltr'>mensae</span> <span class='ocrx_word' id='word_1_63' title='bbox 897 1802 910 1823; x_wconf 84' lang='lat'>,</span> <span class='ocrx_word' id='word_1_64' title='bbox 949 1764 1221 1829; x_wconf 80' lang='lat' dir='ltr'>lepidiffima</span> <span class='ocrx_word' id='word_1_65' title='bbox 1263 1765 1421 1827; x_wconf 85' lang='lat' dir='ltr'>turba,</span> <span class='ocrx_word' id='word_1_66' title='bbox 1462 1779 1635 1813; x_wconf 83' lang='lat' dir='ltr'>merum</span> <span class='ocrx_word' id='word_1_67' title='bbox 1678 1761 1771 1810; x_wconf 83' lang='lat' dir='ltr'>sal.</span> 
     </span>
     <span class='ocr_line' id='line_1_23' title="bbox 1117 1840 1343 1886; baseline 0.009 -2"><span class='ocrx_word' id='word_1_68' title='bbox 1117 1840 1343 1886; x_wconf 81' lang='lat' dir='ltr'><em>Eubulus.</em></span> 
     </span>
     <span class='ocr_line' id='line_1_24' title="bbox 435 1910 891 1964; baseline -0.002 -2"><span class='ocrx_word' id='word_1_69' title='bbox 435 1911 613 1963; x_wconf 86' lang='lat' dir='ltr'>Dulces</span> <span class='ocrx_word' id='word_1_70' title='bbox 654 1910 891 1964; x_wconf 39' lang='lat' dir='ltr'>convi‘vae!</span> 
     </span>
     <span class='ocr_line' id='line_1_25' title="bbox 1071 1989 1368 2038; baseline 0.013 -5"><span class='ocrx_word' id='word_1_71' title='bbox 1071 1989 1341 2038; x_wconf 80' lang='lat' dir='ltr'>Philocaenus</span> <span class='ocrx_word' id='word_1_72' title='bbox 1356 2025 1368 2037; x_wconf 90' lang='lat'><strong>.</strong></span> 
     </span>
     <span class='ocr_line' id='line_1_26' title="bbox 922 2065 1430 2113; baseline -0.002 -1"><span class='ocrx_word' id='word_1_73' title='bbox 922 2067 1169 2112; x_wconf 86' lang='lat' dir='ltr'>Sermones</span> <span class='ocrx_word' id='word_1_74' title='bbox 1211 2065 1430 2113; x_wconf 87' lang='lat' dir='ltr'>mitto...</span> 
     </span>
     <span class='ocr_line' id='line_1_27' title="bbox 1115 2140 1343 2189; baseline 0.022 -5"><span class='ocrx_word' id='word_1_75' title='bbox 1115 2140 1343 2189; x_wconf 85' lang='lat' dir='ltr'><em>Eubulus.</em></span> 
     </span>
     <span class='ocr_line' id='line_1_28' title="bbox 1386 2210 1679 2275; baseline 0.014 -16"><span class='ocrx_word' id='word_1_76' title='bbox 1386 2210 1679 2275; x_wconf 82' lang='lat' dir='ltr'><strong>Quibusnam</strong></span> 
     </span>
     <span class='ocr_line' id='line_1_29' title="bbox 430 2293 896 2357; baseline -0.009 -16"><span class='ocrx_word' id='word_1_77' title='bbox 430 2293 509 2341; x_wconf 89' lang='lat' dir='ltr'>De</span> <span class='ocrx_word' id='word_1_78' title='bbox 547 2293 680 2341; x_wconf 88' lang='lat' dir='ltr'>rebus</span> <span class='ocrx_word' id='word_1_79' title='bbox 718 2297 896 2357; x_wconf 84' lang='lat' dir='ltr'>porro?</span> 
     </span>
     <span class='ocr_line' id='line_1_30' title="bbox 1072 2366 1368 2414; baseline -0.003 0"><span class='ocrx_word' id='word_1_80' title='bbox 1072 2366 1368 2414; x_wconf 82' lang='lat' dir='ltr'>Philocaenus.</span> 
     </span>
     <span class='ocr_line' id='line_1_31' title="bbox 964 2437 1731 2502; baseline -0.004 -13"><span class='ocrx_word' id='word_1_81' title='bbox 964 2443 1042 2489; x_wconf 91' lang='lat' dir='ltr'>De</span> <span class='ocrx_word' id='word_1_82' title='bbox 1084 2439 1211 2490; x_wconf 84' lang='lat' dir='ltr'>cultu</span> <span class='ocrx_word' id='word_1_83' title='bbox 1252 2440 1478 2502; x_wconf 84' lang='lat' dir='ltr'>vestium,</span> <span class='ocrx_word' id='word_1_84' title='bbox 1516 2440 1561 2487; x_wconf 66' lang='grc' dir='ltr'>ὃς</span> <span class='ocrx_word' id='word_1_85' title='bbox 1599 2437 1731 2488; x_wconf 84' lang='lat' dir='ltr'>omni</span> 
     </span>
     <span class='ocr_line' id='line_1_32' title="bbox 429 2517 897 2574; baseline 0.002 -10"><span class='ocrx_word' id='word_1_86' title='bbox 429 2517 656 2567; x_wconf 87' lang='lat' dir='ltr'>Femineo</span> <span class='ocrx_word' id='word_1_87' title='bbox 699 2517 897 2574; x_wconf 87' lang='lat' dir='ltr'>mundo,</span> 
     </span>
     <span class='ocr_line' id='line_1_33' title="bbox 1104 2594 1337 2640; baseline 0 -2"><span class='ocrx_word' id='word_1_88' title='bbox 1104 2594 1337 2640; x_wconf 85' lang='lat' dir='ltr'><em>Eubulus.</em></span> 
     </span>
     <span class='ocr_line' id='line_1_34' title="bbox 986 2665 1176 2714; baseline -0.011 0"><span class='ocrx_word' id='word_1_89' title='bbox 986 2665 1176 2714; x_wconf 88' lang='lat' dir='ltr'>Pulcre!</span> 
     </span>
     <span class='ocr_line' id='line_1_35' title="bbox 1057 2743 1354 2790; baseline 0.007 -2"><span class='ocrx_word' id='word_1_90' title='bbox 1057 2743 1354 2790; x_wconf 81' lang='lat' dir='ltr'>Philocaenus.</span> 
     </span>
     <span class='ocr_line' id='line_1_36' title="bbox 1235 2815 1712 2879; baseline -0.008 -13"><span class='ocrx_word' id='word_1_91' title='bbox 1235 2822 1340 2879; x_wconf 84' lang='lat' dir='ltr'>Qua</span> <span class='ocrx_word' id='word_1_92' title='bbox 1383 2815 1545 2867; x_wconf 87' lang='lat' dir='ltr'>Gellia</span> <span class='ocrx_word' id='word_1_93' title='bbox 1585 2815 1712 2865; x_wconf 80' lang='lat' dir='ltr'>causa</span> 
     </span>
     <span class='ocr_line' id='line_1_37' title="bbox 431 2888 1845 2958; baseline -0.006 -16"><span class='ocrx_word' id='word_1_94' title='bbox 431 2895 507 2942; x_wconf 80' lang='lat' dir='ltr'>Ex</span> <span class='ocrx_word' id='word_1_95' title='bbox 546 2890 702 2944; x_wconf 82' lang='lat' dir='ltr'>animo</span> <span class='ocrx_word' id='word_1_96' title='bbox 741 2890 965 2942; x_wconf 84' lang='lat' dir='ltr'>exciderit</span> <span class='ocrx_word' id='word_1_97' title='bbox 1005 2892 1238 2954; x_wconf 83' lang='lat' dir='ltr'>Labieni,</span> <span class='ocrx_word' id='word_1_98' title='bbox 1279 2896 1324 2942; x_wconf 76' lang='grc' dir='ltr'>ὃ(</span> <span class='ocrx_word' id='word_1_99' title='bbox 1362 2910 1499 2958; x_wconf 89' lang='lat' dir='ltr'>quern</span> <span class='ocrx_word' id='word_1_100' title='bbox 1541 2890 1622 2940; x_wconf 87' lang='lat' dir='ltr'>fibi</span> <span class='ocrx_word' id='word_1_101' title='bbox 1667 2888 1845 2938; x_wconf 83' lang='lat' dir='ltr'>servum</span> 
     </span>
    </p>
   </div>
   <div class='ocr_carea' id='block_1_3' title="bbox 1867 2963 2008 3012">
    <p class='ocr_par' dir='ltr' id='par_1_3' title="bbox 1867 2963 2008 3012">
     <span class='ocr_line' id='line_1_38' title="bbox 1867 2963 2008 3012; baseline -0.014 0"><span class='ocrx_word' id='word_1_102' title='bbox 1867 2963 2008 3012; x_wconf 87' lang='lat' dir='ltr'>Nunc</span> 
     </span>
    </p>
   </div>
   <div class='ocr_carea' id='block_1_4' title="bbox 2025 1556 2092 1598">
    <p class='ocr_par' dir='ltr' id='par_1_4' title="bbox 2025 1556 2092 1598">
     <span class='ocr_line' id='line_1_39' title="bbox 2025 1556 2092 1598; baseline 0 -9"><span class='ocrx_word' id='word_1_103' title='bbox 2025 1556 2092 1598; x_wconf 77' lang='lat'>30</span> 
     </span>
    </p>
   </div>
   <div class='ocr_carea' id='block_1_5' title="bbox 2013 2831 2080 2879">
    <p class='ocr_par' dir='ltr' id='par_1_5' title="bbox 2013 2831 2080 2879">
     <span class='ocr_line' id='line_1_40' title="bbox 2013 2831 2080 2879; baseline -0.015 0"><span class='ocrx_word' id='word_1_104' title='bbox 2013 2831 2080 2879; x_wconf 78' lang='lat'>35</span> 
     </span>
    </p>
   </div>
  </div>
 </body>
</html>
