2284 3436
371 206 429 237 32
924 183 964 228 L
1039 181 1065 226 Ῑ
1143 182 1180 226 Β
1258 180 1299 225 Ε
1377 180 1424 224 R

435 261 480 307 It
518 257 652 325 longe
693 260 873 306 Natura
913 253 1140 310 Homini,
1183 251 1331 300 minus
1372 249 1461 297 Ille
1500 244 1719 294 recedat?
1974 257 2073 304 150

437 338 551 383 Non
593 348 736 380 certas
783 332 932 380 minus
970 328 1044 376 hic
1087 327 1297 392 pluvias,
1338 322 1538 387 solesque
1580 313 1774 383 requirit

441 409 607 466 Finis,
646 408 693 454 in
734 406 937 453 humano
976 420 1114 467 quam
1155 417 1278 449 certa
1319 396 1535 463 cupidine
1583 409 1726 449 vota,

446 487 558 533 Non
602 500 681 529 ver
722 495 986 542 perpetuum
1027 477 1207 533 minus,
1244 478 1290 521 ὃς
1330 474 1422 521 sine
1463 468 1656 518 nubibus
1704 464 1926 522 aethram‚

444 561 597 616 Quam
638 552 842 618 placidos
881 551 1054 612 semper
1086 545 1288 610 >sapienti
1334 542 1381 590 in
1427 544 1611 607 pastore
1657 538 1832 588 sensus.

445 633 495 680 Si
534 647 616 677 ηερ
660 626 775 692 peste
819 623 992 690 potest,
1032 639 1114 669 nec
1155 635 1281 667 terrae
1311 616 1517 665 motibus
1560 613 1694 661 Ordo
1973 625 2069 672 ²55

437 701 643 756 Caelestis
681 700 831 764 rumpi
861 735 877 760 ‚
919 696 1128 746 Catilina
1155 731 1168 752 ‚
1207 711 1285 741 aut
1328 691 1495 757 Borgia
1535 692 1755 752 rumpet?
1793 685 1811 748 (
1845 702 1865 734 1
1903 681 1923 748 )

438 778 588 841 Qus,
628 775 706 824 nifi
746 775 825 839 qui
861 772 999 838 fingit
1036 769 1292 818 flammanti
1330 766 1508 831 fulgura
1548 763 1707 810 dextra
1724 797 1742 818 ,e

436 853 706 917 Antiquum
754 852 878 896 levat
930 851 1208 902 Oceanum,
1248 841 1476 905 alatasque
1519 836 1771 904 procellas,

438 922 586 980 Afflat
624 927 670 973 δε
705 923 955 972 ambitione
993 919 1138 968 feroci
1184 917 1438 966 Caesareum
1478 932 1586 969 cor,
1628 914 1703 978 (2
1734 908 1751 971 )
1790 964 1792 966 v

428 1000 717 1065 Emittitque
755 1002 985 1046 Ammona
1022 1012 1191 1061 vagum
1229 995 1244 1057 (
1280 1011 1304 1057 3
1336 991 1352 1054 )
1391 989 1637 1052 discerpere
1676 998 1866 1049 genteS,
1981 984 2083 1032 160*

433 1085 541 1128 Hoc
582 1077 692 1123 sciat
721 1076 745 1115 Ρ
787 1077 862 1119 Ex
904 1072 1070 1126 Fastu,
1112 1067 1234 1131 quod
1279 1082 1429 1112 remur
1459 1100 1471 1120 ‚
1516 1059 1689 1126 profilit
1731 1073 1846 1104 uno.

429 1159 545 1213 Quae
583 1166 650 1197 res
688 1152 876 1196 Naturae
903 1181 916 1204 ‚
958 1137 1093 1189 libret
1139 1137 1366 1188 sententia
1412 1139 1599 1183 Mores:

436 1232 535 1276 Cur
584 1223 658 1270 hic
698 1221 930 1287 arguimus
960 1254 972 1275 ,
1014 1216 1284 1279 Caelumque
1326 1210 1605 1260 absolvimus
1646 1204 1781 1254 illic?

429 1299 593 1349 Subdit
630 1295 846 1359 utrinque
884 1293 1004 1340 suam
1047 1289 1217 1356 pariter
1255 1284 1492 1353 Sapientia
1531 1286 1774 1332 Mentem.

434 1371 749 1424 Commodius
788 1367 923 1416 nobis
963 1366 1103 1432 posset
1144 1363 1325 1413 fortaffe
1369 1360 1547 1417 videri,
1985 1364 2082 1423 165ι

432 1450 544 1498 Illic
585 1448 616 1495 fi
655 1444 891 1494 harmonia
922 1481 934 1502 ‚
980 1443 1154 1489 virtute
1210 1437 1285 1486 hic
1331 1435 1492 1485 omnia
1537 1434 1749 1489 starent,

431 1532 557 1573 Aera
598 1541 679 1569 nec
730 1521 900 1567 celeres
945 1517 1213 1571 turbarent,
1255 1528 1331 1560 aut
1379 1528 1500 1559 mare
1541 1510 1715 1569 venti,

438 1600 608 1646 Nostra
650 1613 733 1643 nec
775 1590 978 1658 ingeniti
1025 1589 1268 1636 miscerent
1309 1585 1442 1634 corda
1488 1586 1740 1635 Tumultus
1767 1621 1780 1632 .

435 1673 522 1723 Ast
562 1673 900 1719 elementorum
941 1664 1096 1713 firmat
1139 1663 1218 1710 Lis
1256 1659 1442 1718 omnia,
1484 1661 1530 1707 8<
1574 1658 1730 1709 insunt

430 1747 567 1796 Vitai
620 1743 754 1794 nobi-s
798 1744 1054 1799 elementa,
1093 1736 1344 1802 Cupidinis
1386 1735 1539 1783 aestuS.
1976 1752 2081 1802 ¹70⁴

433 1822 622 1869 Scilicet
660 1840 682 1868 a
724 1818 867 1883 prima
905 1816 1106 1864 servatus
1150 1811 1331 1877 origine
1377 1809 1555 1858 Mundi

431 1902 697 1953 Naturam,
739 1909 874 1955 atque
917 1887 1176 1938 Hominem
1217 1885 1474 1933 communis
1519 1901 1744 1949 temperat
1786 1889 1920 1938 Ordo
1954 1924 1964 1935 .

433 1970 562 2030 Quid
603 1968 683 2016 sibi
733 1967 833 2014 vult
876 1963 1099 2011 Mortalis
1142 1960 1329 2007 adhuc?
1369 1958 1506 2005 modo
1545 1957 1720 2023 surgere
1761 1961 1810 2008 in
1862 1963 2012 2012 altum.

433 2044 622 2101 Gestit‚
657 2045 702 2090 ὅ(
756 2038 1034 2105 Angelicam
1076 2034 1269 2082 inferior
1310 2049 1575 2098 praevertere
1626 2033 1826 2094 sortem,

432 2123 495 2165 Et
539 2117 678 2165 modo
722 2115 836 2162 fixus
878 2112 1034 2168 humi,
1081 2126 1277 2157 moerens
1326 2108 1479 2166 dolet,
1521 2108 1602 2154 effe
1646 2125 1836 2174 negatas
1986 2124 2085 2177 175·

428 2197 691 2241 Taurorum
737 2190 884 2246 vires,
924 2185 1147 2250 villosque
1186 2182 1466 2244 Lybisthidis
1517 2181 1647 2229 ursae.

428 2272 500 2317 At
538 2283 676 2332 quem
731 2281 829 2310 tum
868 2261 1017 2326 capiat
1060 2257 1238 2307 cunffls
1281 2256 1531 2305 virtutibus
1574 2257 1733 2305 aublus

435 2343 612 2398 Usum,
659 2339 824 2388 cunfflza
861 2336 960 2383 suos
1000 2333 1082 2399 qui
1129 2332 1319 2381 condita
1363 2330 1477 2379 dicit
1518 2330 1566 2378 in
1609 2332 1744 2380 usus?

432 2420 612 2482 Larga,
653 2415 725 2462 sed
770 2409 986 2460 indocilis
1010 2413 1193 2458 Natura
1235 2405 1534 2472 profundere,
1576 2406 1751 2453 cunfffis

429 2488 762 2546 Instrumenta,
799 2487 965 2550 suoque
1003 2483 1128 2532 dedit
1183 2500 1287 2533 cum
1337 2498 1522 2529 munere
1563 2480 1722 2540 dotes,
1981 2485 2083 2532 180

430 2568 523 2624 Et,
565 2582 661 2629 quae
704 2563 845 2612 deesse
877 2576 1004 2625 putes
1048 2559 1231 2626 ignarus
1272 2555 1515 2605 commoda
1545 2594 1558 2615 ,
1607 2555 1778 2620 ubique

1902 2634 2012 2689 Qua

334 2806 352 2860 ζ
382 2822 395 2841 1
429 2805 448 2851 )
472 2803 593 2861 βείω·
633 2801 762 2851 Borgia
801 2802 875 2839 dux
902 2794 1113 2838 Vafflnfinus
1139 2827 1151 2849 ,
1206 2801 1251 2838 est
1282 2798 1439 2847 Auster,
1467 2809 1579 2846 neque
1606 2796 1672 2833 effe
1701 2793 1838 2841 potest.

285 2867 385 2895 cuius
413 2863 504 2892 vitia
535 2863 648 2892 nota.
1258 2852 1279 2897 (
1306 2863 1322 2899 3
1355 2852 1374 2897 )
1403 2847 1646 2886 Alexandrum
1675 2847 1854 2891 Magnum
1891 2840 2035 2879 scilicet
2067 2867 2085 2886 a

336 2906 354 2949 (
385 2908 452 2962 2)
496 2906 634 2944 Malum
675 2904 812 2942 morale
868 2902 913 2939 ab
950 2902 1161 2939 hominibus
1212 2901 1275 2950 qui
1305 2900 1340 2938 se
1367 2899 1468 2944 Iovis
1495 2896 1685 2936 Ammonis
1712 2894 1830 2933 filiurn
1858 2890 2050 2930 diffltabaet
2070 2918 2086 2929 2

290 2962 427 3003 patrari
458 2958 598 3004 patitur
625 2957 748 3004 Deus,
777 2955 833 2992 sed
863 2955 938 3001 ejus
979 2965 1161 3002 nunquam
1218 2950 1226 2955 ”
