2284 3436
1801 157 1868 206 39

225 238 1293 326 ALEXANDRI
1449 244 1850 330 POPE

398 410 633 479 DE
822 409 1689 479 HOMINE

521 581 881 629 LIBER
983 580 1560 638 QUARTUS.

397 738 468 783 De
508 738 716 788 Natura,
760 728 819 774 (θ’
857 729 992 774 Statu
1031 702 1263 787 Hominis,
1306 728 1452 791 quoad
1478 731 1610 793 suam

780 802 1060 850 Felicitatem
1094 803 1282 866 spectati
1301 840 1312 851 .

592 955 1476 1006 ARGUMENTUM.

127 1127 171 1158 1.
214 1109 541 1170 Philofhphicae,
574 1109 632 1153 &⁶
666 1109 900 1171 populares
942 1107 996 1152 de
1035 1103 1266 1151 Felicitate
1304 1106 1491 1152 notiones
1523 1105 1649 1168 falsae
1679 1108 1814 1168 fiant.

126 1200 170 1230 2.
212 1184 433 1246 Proposita
470 1185 528 1242 est
563 1184 760 1229 omnibus
786 1218 799 1240 ‚
840 1197 1053 1244 tanquam
1095 1180 1261 1238 Finis,
1319 1181 1532 1227 Felicitas
1563 1216 1576 1238 ‚
1629 1184 1687 1230 (9⁰
1739 1185 1937 1234 omnibus

267 1260 327 1316 est
359 1259 602 1320 parabilis.
639 1259 844 1319 AEqualis
879 1271 1005 1321 porro
1030 1291 1044 1314 ,
1109 1257 1284 1317 qualem
1336 1258 1438 1302 vult
1490 1259 1612 1303 Deus
1646 1293 1659 1316 ,
1715 1257 1801 1325 effe
1857 1278 1939 1306 non

263 1334 430 1398 potest,
476 1333 559 1389 nist
587 1333 650 1389 sit
689 1333 919 1399 Sociali53
959 1349 1057 1379 cum
1085 1330 1356 1394 singulorum
1409 1332 1617 1379 Felicitas
1655 1352 1683 1379 a
1720 1335 1931 1381 communi

267 1411 461 1473 pendeat
484 1444 498 1465 ,
543 1409 601 1453 (9⁴
640 1409 933 1455 communibus
973 1407 1190 1455 Mundum
1230 1409 1354 1453 Deus
1382 1444 1396 1466 ‚
1455 1425 1534 1454 non
1571 1410 1775 1471 privatis
1813 1412 1939 1473 Legi-

273 1487 352 1532 bus
384 1486 620 1548 gubernet.
659 1486 749 1530 Sed
775 1519 789 1542 ‚
828 1483 1032 1546 quoniam
1070 1485 1133 1528 ad
1171 1483 1378 1529 Ordinem
1403 1518 1418 1541 ,
1466 1485 1942 1547 Tranquillitatemque

273 1563 319 1606 in
359 1559 570 1606 Societate
606 1560 798 1605 humana
828 1558 1098 1621 servandam
1138 1554 1298 1622 neceffe
1339 1558 1396 1616 est
1431 1594 1444 1617 ‚
1502 1572 1552 1605 ut
1590 1572 1770 1606 externa
1819 1563 1938 1607 Bona

264 1635 359 1690 sint
408 1635 641 1696 inaequalia
668 1670 681 1693 ‚
732 1653 783 1681 ex
836 1634 904 1680 his
956 1633 1166 1681 Felicitas
1220 1650 1500 1695 nequaquam
1551 1635 1722 1693 existere
1754 1635 1892 1697 potest
1924 1671 1935 1683 .

264 1715 558 1757 Verumtamen
597 1711 706 1757 inter
743 1711 824 1758 bas
861 1708 1212 1773 inaequalitates,
1254 1710 1343 1756 Dei
1383 1709 1706 1771 Providentia,
1738 1709 1798 1755 (9⁶
1839 1710 1933 1772 qui-

272 1789 367 1831 dem
399 1782 536 1843 jure,
571 1786 742 1845 saelum
780 1785 866 1841 est,
906 1798 956 1829 ut
995 1803 1045 1830 ex
1088 1786 1252 1829 duobus
1291 1782 1568 1845 Affeclibus,
1608 1789 1696 1847 Spe
1725 1784 1929 1847 scilicet,

273 1877 322 1906 ac
363 1859 566 1916 Timore,
611 1860 797 1905 humana
837 1858 1021 1905 oriretur
1060 1858 1298 1905 Felicitas.

124 1955 169 2002 3.
209 1939 316 1995 ,Qgtae
346 1934 412 1990 fit
452 1934 659 1980 Felicitas
690 1934 994 1998 singulorum,
1037 1934 1094 1979 ξφ
1135 1947 1348 1994 quatenus
1389 1933 1583 1988 universi
1622 1932 1753 1996 hujus
1794 1939 1928 1984 Mun-

267 2011 314 2057 di
353 2009 646 2066 constitutioni
682 2010 912 2058 conveniat
939 2044 949 2056 .
1002 2012 1141 2055 Homo
1199 2009 1389 2067 honestus
1432 2009 1476 2054 in
1516 2010 1645 2056 terris
1681 2011 1810 2056 habet
1839 2013 1928 2073 sua

266 2086 476 2149 praemia.
517 2089 709 2143 Errant,
748 2087 826 2149 qui
862 2085 1029 2131 Virtuti
1065 2084 1292 2143 tribuunt,
1322 2101 1414 2146 quae
1454 2084 1668 2144 Naturae,
1711 2089 1787 2132 vel
1831 2091 1933 2134 For-

271 2175 384 2207 tunae
414 2162 519 2222 sunt
558 2161 707 2207 mala.

126 2254 174 2299 4.
214 2238 407 2282 Stultum
445 2235 507 2292 est
544 2236 662 2281 velle
699 2254 727 2281 a
767 2237 859 2282 Deo
897 2252 1131 2282 communes
1169 2237 1301 2297 Leges
1333 2237 1531 2296 perverti
1559 2274 1573 2298 ,
1617 2249 1667 2281 ut
1706 2236 1933 2299 aliquibus

267 2310 575 2374 gratificetur.

128 2401 170 2448 5.
210 2388 346 2433 Nemo
385 2387 566 2444 nostrum
600 2382 806 2446 judicare
842 2388 977 2449 potest
1004 2422 1017 2445 ,
1065 2387 1240 2448 quinam
1279 2388 1396 2434 Boni
1434 2385 1533 2442 sint
1584 2387 1801 2453 dicendi;
1850 2387 1933 2448 sed

272 2480 366 2516 eos,
406 2462 659 2524 ubicumque
690 2462 806 2520 sint,
846 2460 929 2526 effi
967 2462 1072 2508 aliis
1104 2463 1321 2522 feliciores
1361 2462 1470 2509 reffte
1511 2465 1647 2510 dicit.

127 2539 172 2583 6.
213 2540 406 2583 Externa
443 2540 567 2582 Bona
596 2571 609 2592 ,
654 2555 725 2583 nec
763 2536 938 2598 prcemia
980 2536 1163 2583 Virtutis
1205 2535 1286 2601 ff
1315 2575 1328 2595 ,
1369 2555 1463 2583 cum
1513 2556 1605 2584 eam
1659 2537 1882 2595 destruant
1911 2572 1925 2594 ,

271 2625 350 2658 aut
388 2611 461 2656 illi
503 2610 674 2656 minime
709 2612 1001 2669 conveniant,
1029 2629 1100 2656 nec
1140 2613 1366 2657 Hominem
1400 2615 1574 2673 felicem
1618 2613 1800 2660 reddere
1836 2612 1931 2674 pos-

256 2687 388 2746 sunt,
429 2698 475 2729 ut
507 2699 634 2747 patet
674 2688 907 2742 Divitias,
949 2690 1138 2732 Honores
1166 2725 1178 2746 ‚
1220 2688 1536 2746 Nobilitatem‚
1582 2694 1798 2751 Magnum
1838 2687 1928 2732 No-

266 2779 358 2807 men
386 2795 399 2817 ,
445 2764 625 2805 Famam
660 2796 672 2817 ‚
715 2763 771 2807 Θ·
811 2758 990 2810 eximias
1035 2761 1202 2823 Ingenii
1235 2761 1477 2819 facultates
1518 2761 1920 2819 considerantibus.

271 2839 415 2898 Imago
457 2836 739 2898 Infelicitatis
778 2853 916 2883 eorum
961 2837 1215 2897 Hominum,
1263 2839 1344 2900 qui
1393 2839 1506 2886 talia
1540 2840 1778 2903 poffident.

1662 2930 1709 2978 7.
1733 2910 1850 3003 SSola
