2284 3436
335 165 436 205 124
693 151 1201 205 JOANNIS
1299 158 1676 206 COSTA

401 223 517 271 Non
561 222 786 289 inemptas
826 227 1059 291 apparabit
1099 227 1232 274 corde
1275 229 1436 278 anhelo
1480 230 1654 295 vesperi

395 298 532 345 Uxor
572 298 719 358 escaS,
760 317 854 348 non
894 301 1077 349 reverso
1117 303 1250 350 turba
1295 306 1505 353 natorum
1550 306 1669 370 patri
1991 328 2048 372 25

399 372 660 421 Advolabit
700 393 775 422 ore
817 375 951 423 balbo
993 377 1130 423 verba
1172 377 1360 426 miscens
1403 379 1580 439 dulcia,

399 446 604 496 Lubrico
647 448 909 513 certansque
956 449 1052 498 nisu
1093 469 1242 517 genua
1283 452 1410 518 supra
1447 471 1603 521 repere

392 522 670 570 Invidendis
715 524 919 572 serbeari
962 525 1212 590 postulabit
1252 527 1448 575 osculis.

389 599 512 662 Saepe
552 596 671 644 flava
710 598 829 646 ceffit
872 599 978 646 Illis
1021 600 1138 648 fefi‘ta
1180 599 1374 654 falcibus
1417 601 1570 669 segeS,

388 674 513 736 Saepe
554 671 766 737 pertinax
808 672 984 722 adunco
1023 675 1167 723 fraffla
1209 677 1341 743 gleba
1384 694 1604 726 vomere:
1980 701 2050 749 30

391 749 459 792 Ut
502 746 643 794 boum
682 747 775 813 laeti
814 766 896 813 per
938 768 1071 817 agros
1112 753 1257 816 panda
1289 751 1691 820 duxerunt-juga!

388 822 457 867 Ut
497 820 585 868 suis
624 820 788 870 flexere
828 822 967 888 fortes
1011 825 1179 891 iffli'ous
1221 843 1389 893 nutans
1430 829 1616 877 nemus!

388 898 495 952 Ne,
538 898 702 942 Fames
740 896 873 944 hians
916 899 1137 967 honoris
1179 919 1235 950 ne
1280 904 1490 952 laborum
1533 900 1711 967 despice

384 931 538 1016 Utises
581 986 737 1029 curas,
776 971 991 1039 domique
1033 991 1142 1026 nata
1185 978 1335 1033 Genti
1372 978 1601 1051 gandia,-

386 1043 693 1109 Obfitumque
735 1043 875 1093 noeff'ce
919 1035 1094 1092 fatum:
1134 1045 1221 1092 neu
1265 1020 1452 1105 breves,
1482 1037 1539 1093 8(
1580 1047 1808 1113 simplices
1973 1071 2038 1119 35

380 1121 639 1182 Pauperum
682 1117 887 1166 Annales
926 1117 1152 1183 repellens
1192 1137 1297 1168 aure
1342 1121 1500 1168 Fastus
1543 1121 1717 1172 rideat.

378 1193 619 1251 Inclytum
659 1196 854 1251 Genus,
898 1192 1118 1259 decusque
1159 1191 1443 1260 splendidum
1483 1192 1770 1259 Potentiae‚'

377 1266 608 1331 Quodque
648 1285 746 1315 rara
787 1267 1083 1330 PulcritudO,
1132 1271 1347 1336 quodque
1393 1276 1520 1337 Opes
1561 1272 1743 1321 summae
1781 1274 2002 1334 ferunt„

377 1341 562 1389 Cunesta
601 1342 783 1408 adaeque
816 1340 948 1410 nigra
990 1362 1140 1409 raptat
1185 1350 1316 1394 Hora
1359 1345 1684 1406 inevitabilis,

374 1419 442 1464 Et
481 1415 579 1464 suos
621 1417 709 1465 fert
748 1419 839 1465 alta
882 1417 1049 1484 gressus
1090 1421 1137 1467 in
1181 1419 1432 1486 sepulcrum
1478 1421 1675 1471 Gloria.
1970 1444 2041 1482 40

369 1494 448 1539 Ne
486 1490 654 1557 probro
696 1493 797 1540 Vos
838 1493 955 1542 illud
999 1494 1134 1560 ἱρῆς,
1178 1514 1264 1558 ne,
1307 1497 1495 1562 Superbi
1515 1510 1533 1556 ,'
1570 1497 1773 1553 vertite,

371 1567 511 1625 Quod
555 1581 720 1632 tropaea
765 1566 892 1616 nulla
937 1570 1112 1618 Mnesis
1153 1572 1368 1620 rusticum
1398 1573 1445 1620 in
1485 1573 1661 1621 bustum
1702 1573 1859 1629 levet,

376 1642 484 1699 Qua
526 1642 783 1706 patentibus
823 1643 904 1693 sub
946 1646 1057 1705 alis,
1099 1663 1234 1713 atque
1277 1647 1470 1714 Templi
1512 1647 1689 1696 fornice

370 1714 501 1762 Illito
542 1716 698 1763 crustis
738 1718 953 1767 sonantes
992 1738 1098 1768 aura
1139 1723 1318 1770 Laudes
1359 1723 1573 1772 intonat.

367 1793 501 1837 Num
541 1790 720 1837 decoris
763 1810 878 1840 urna
916 1793 1082 1859 signis,
1127 1813 1203 1843 aut
1247 1797 1398 1861 imago
1439 1797 1600 1844 vivida
1867 1859 1873 1865 1
1956 1814 2021 1859 45

365 1865 423 1910 In
465 1862 560 1911 suas
606 1864 725 1912 sedes
767 1864 974 1932 fugacem
1018 1886 1131 1916 num
1176 1869 1397 1918 reducent
1441 1869 1710 1936 Spiritum?

364 1942 499 1990 Num
542 1937 752 1988 filentem
794 1945 905 1990 Vox
951 1943 1142 1993 honoris
1184 1944 1419 1993 suscitabit
1460 1946 1737 2010 pulverem?

368 2012 670 2079 Frigidumve
711 2016 883 2065 Mortis
926 2036 1079 2066 aurem
1122 2035 1280 2085 tanget
1324 2019 1631 2068 Affentatio?

365 2089 481 2134 Fors
520 2089 811 2140 inobservate
852 2092 901 2139 in
943 2093 1030 2141 illo
1070 2097 1170 2142 Cor
1209 2093 1479 2143 reclinatum
1520 2096 1641 2160 jacet·

365 2162 593 2228 Angulm
636 2164 752 2212 Caeli
792 2162 999 2229 supernis
1039 2169 1162 2233 quod
1207 2170 1409 2218 tumebat
1454 2169 1659 2235 ignibus:
1967 2188 2030 2232 50

322 2280 325 2282 .
366 2236 481 2284 Fors
522 2238 571 2286 in
614 2239 700 2286 isto
741 2241 921 2289 Dextra
963 2258 1119 2308 torpet
1161 2261 1239 2308 par
1279 2245 1352 2291 vel
1395 2243 1487 2309 ipsa
1529 2242 1772 2310 providum

369 2312 542 2377 Imperi
585 2314 777 2362 traetare
819 2315 1075 2382 sceptrum,
1118 2318 1195 2366 vel
1237 2318 1346 2380 lyrae
1390 2319 1504 2367 vivo
1545 2319 1656 2367 sono

366 2388 595 2436 Pendulas
636 2405 814 2437 mentes
853 2391 1001 2441 beatis
1043 2409 1124 2458 par
1167 2411 1323 2442 tenere
1364 2393 1586 2442 sensibus.

362 2464 432 2509 At
473 2461 600 2511 suum
641 2464 875 2514 Dofi'trina
914 2484 1148 2532 nunquam
1193 2468 1336 2533 praeda
1376 2469 1588 2518 onustum
1631 2467 1885 2534 Temporis

365 2535 568 2585 Rusticis
610 2540 846 2589 Volumen
891 2540 1056 2611 ingens
1098 2543 1354 2626 explicavit
1394 2544 1589 2592 visibus:
1963 2561 2024 2607 55

358 2611 584 2661 Nobilem
626 2612 801 2680 frigens
840 2617 1040 2666 furorem
1083 2619 1242 2667 vinxit·
1284 2619 1584 2687 Indigentia‚

361 2686 426 2732 Et
465 2685 543 2735 suo
587 2688 762 2737 cursum
803 2689 1020 2741 fluentem
1062 2694 1232 2742 mentis
1271 2694 1515 2744 adstrinxit
1556 2693 1687 2762 gelu.

356 2758 434 2808 Sic
478 2761 758 2827 inexpertis,
801 2766 1032 2833 nigrisque
1072 2768 1149 2816 sub
1187 2771 1420 2818 receffibus
1464 2771 1602 2819 maris

362 2835 522 2885 Multa
564 2836 777 2887 candenti
823 2842 974 2892 nitore
1014 2843 1121 2910 saepe
1161 2861 1340 2911 gemma
1381 2846 1614 2914 fulgurat·

1871 2917 1946 2967 Sic
