2284 3436
363 182 426 238 ss
707 173 1653 232 JACOBITHOMSON

432 255 501 299 Ut
542 267 586 297 es
631 249 887 312 timendus,
928 257 1096 301 Bruma
1134 270 1242 301 cum
1283 250 1481 312 quassat,
1521 248 1673 315 gravis

433 320 608 393 Caligo
650 326 935 394 Majestatis‚
976 326 1209 394 augustum
1256 329 1415 389 caput!

426 401 699 450 Glomerata
740 402 939 463 nimbis,
982 405 1026 450 8<
1068 400 1231 450 rotatis
1273 398 1494 446 imbribus

421 479 496 524 Te
538 476 708 524 circum
750 496 948 545 aguntur
980 494 1076 525 atra
1118 476 1384 524 nimborum
1423 471 1639 539 agmina:

426 551 593 598 Elatus
634 552 735 617 Ipse
779 552 1009 600 turbinum
1054 550 1319 600 sonantibus

422 625 571 673 Volas
611 626 660 674 in
704 627 827 675 alis:
871 627 971 692 Ipse
1015 626 1264 692 supplicem
1304 623 1430 689 jubes

423 700 679 765 Trepidare
726 702 958 751 Mundum
992 701 1153 748 fortis:
1199 701 1299 765 Ipse
1341 699 1395 745 de
1436 697 1514 744 suo

426 774 656 824 Excidere
699 776 861 836 Fastu,
901 779 946 824 δι
986 775 1171 825 concuti
1214 790 1361 823 totam
1400 772 1528 838 jubes

427 852 685 909 Naturam,
729 852 784 899 ab
825 870 907 899 axe
952 870 1055 900 cum
1098 856 1249 900 Boreo
1288 864 1511 916 provocas

427 924 669 990 Aquilona
712 927 857 991 ruptis
899 926 1098 976 incitum
1138 923 1391 991 repagulis.

426 1002 474 1045 O
513 1000 658 1048 annui
698 1001 788 1049 alta
831 1001 1010 1050 Circuli
1054 1000 1285 1062 mysteria!

429 1072 622 1122 Infanda
668 1093 765 1139 quae
806 1076 899 1122 vis!
944 1094 1043 1138 quae
1083 1074 1293 1138 profundi
1339 1069 1516 1117 Consili

424 1150 567 1196 Mens
606 1149 792 1215 singulis
835 1148 1011 1197 excelsa
1051 1143 1420 1212 Tempestatibus
1457 1196 1460 1200 ⁴

416 1225 473 1269 Se
516 1222 558 1271 le
599 1222 823 1274 rechufit!
868 1219 1081 1289 Shnpssci
1123 1223 1324 1291 gaudent
1367 1219 1478 1286 via3

425 1297 511 1345 Sed
553 1313 647 1346 tam
689 1298 813 1347 suavi
857 1299 1118 1357 mixtione,
1160 1314 1252 1346 tam
1296 1312 1418 1344 novo

425 1373 772 1440 Benignitatis,
816 1376 861 1422 8<
902 1373 1101 1424 Decoris
1147 1372 1337 1420 vinculo

418 1451 556 1513 Aptae
597 1449 840 1508 renident,
886 1467 980 1497 tam
1024 1448 1274 1497 latentibus
1318 1461 1472 1494 meant

420 1523 616 1570 Umbris
658 1524 702 1571 in
746 1525 924 1572 umbras
966 1523 1232 1572 invidentes
1274 1520 1443 1588 aspici,

418 1597 636 1663 'Ialssque
678 1599 847 1663 junfitss
889 1599 1210 1665 inquequaque
1252 1596 1456 1664 pardbus

424 1673 680 1721 Harmonia
724 1673 872 1721 dulciS
911 1675 1111 1723 excitata
1152 1673 1331 1740 prosilit
1357 1711 1370 1732 ‚

428 1752 498 1796 Ut
542 1747 678 1814 usque
720 1748 832 1796 serie
877 1750 1167 1798 continenter
1214 1747 1363 1797 nexili

426 1825 481 1869 Se
522 1824 848 1887 consequentes
892 1824 1030 1888 usque
1071 1824 1191 1871 visus
1234 1825 1471 1872 auferant.

426 1895 493 1943 At
536 1897 642 1963 saepe
684 1897 842 1946 brutus
884 1899 1109 1947 Hominis
1150 1898 1345 1948 errantis
1386 1896 1540 1960 stupor

425 1977 538 2022 Non
576 1976 649 2021 Te
683 2010 696 2032 ,
741 1977 979 2033 Creator,
1021 1993 1113 2022 non
1161 1979 1276 2022 Tuae
1316 1971 1482 2031 sentit,
1527 1973 1684 2031 Deus,

430 2053 677 2097 AEternum
721 2048 897 2113 agentis
939 2050 1154 2096 Dexterae
1196 2047 1490 2106 Potentiam,

422 2125 535 2182 Quae
582 2122 722 2170 tacita
765 2140 951 2188 torquet
994 2124 1154 2183 Astra,
1197 2143 1294 2190 quae
1336 2128 1512 2172 Rerum
1555 2119 1716 2169 abdito

426 2198 619 2246 Laboris
661 2216 819 2263 expers
859 2198 1062 2247 elaborat
1106 2199 1152 2247 in
1199 2200 1338 2257 Sinu,

427 2277 531 2322 Hos
573 2273 713 2340 jafi’mt
755 2274 912 2339 ignes,
955 2274 1085 2323 hosce
1128 2274 1335 2324 sublevat
1377 2274 1501 2322 leves

423 2348 534 2397 Alte
577 2366 793 2412 vapores,
840 2350 959 2398 unde
1003 2350 1370 2415 pulcritudinum

426 2421 607 2488 Species
648 2440 837 2472 amoenae
879 2424 1083 2473 millium
1127 2426 1373 2474 innumerae
1413 2422 1627 2485 micant,

425 2499 610 2546 IDecora
651 2499 745 2546 alta
789 2500 956 2548 Nseffis:
1005 2500 1093 2548 IHa
1135 2502 1297 2550 chrefiti
1342 2518 1457 2566 vago

428 2576 470 2620 E
511 2574 662 2639 jubare
704 2572 824 2622 Solis
867 2576 1052 2641 igneum
1095 2576 1248 2624 vibrat
1289 2575 1464 2625 Diem:

428 2648 614 2696 Cunffla
655 2648 741 2696 Illa
784 2651 960 2699 nutrit:
1008 2651 1095 2699 Illa
1135 2652 1183 2699 in
1227 2653 1366 2699 aethra
1409 2647 1613 2699 turbidas

428 2726 574 2789 Urget
618 2724 862 2788 procellas:
905 2725 990 2773 Illa
1032 2726 1232 2792 denique
1274 2727 1394 2775 hanc
1438 2724 1578 2774 nimis

431 2800 605 2846 Laetam
645 2800 895 2863 quotannis
935 2800 1062 2849 ducit
1102 2802 1151 2850 in
1192 2818 1331 2851 terras
1371 2797 1574 2858 Vicem,

421 2875 509 2922 Per
549 2871 718 2923 semina
759 2873 884 2923 Vitae
923 2873 1028 2925 lene
1069 2876 1245 2943 serpens
1285 2893 1383 2942 quae
1423 2874 1520 2923 ciet

2017 1166 2086 1209 40

2019 1538 2082 1585 45

2029 1914 2091 1959 50

2026 2288 2080 2337 55

2016 2654 2079 2694 60

1845 2949 2006 2996 Motus
