2284 3436
684 115 687 119 ·
728 119 762 164 Ρ
838 119 886 164 R
964 118 986 162 1
1066 116 1123 160 Μ
1205 117 1248 160 U
1327 117 1386 160 s,
1785 133 1843 180 13

275 199 391 245 Non
433 193 563 241 illum
605 191 748 239 solum
783 186 1208 244 leviter-turbata,
1252 185 1325 234 sed
1366 186 1528 250 ipsa-m.³
1656 186 1659 190 ’

274 269 447 319 Totius
484 264 658 332 pariter
695 264 975 332 disperderet
1013 257 1215 326 undique
1259 261 1529 327 Μοίραις(
1573 281 1591 312 1
1627 261 1644 324 )
1688 266 1690 268 ’
1749 268 1769 306 .’
1815 280 1920 332 250

273 349 402 410 Ergo
437 344 582 391 Terra
619 340 696 390 suo
735 339 938 406 qualsata
978 339 1160 386 recedat
1203 336 1255 384 ab
1295 336 1434 402 orbe·
1543 355 1561 362 ··

275 419 468 468 AEthera
506 433 789 483 perennant
809 415 940 464 'Soles
980 413 1069 461 fine
1112 415 1231 478 Lege
1210 430 1263 471 e,
1306 410 1595 510 Planetaeque

273 488 513 559 Angelicis
553 493 649 538 alto
689 491 966 537 Custodibus
1009 486 1294 550 exturbatis3

268 572 364 617 Res
405 566 508 614 aliis
549 565 677 626 aliae,
716 561 911 613 Mundis
952 558 1217 621 Multi-dique
1260 558 1479 658 resultent

274 641 413 708 lllifi3
453 659 509 689 ex
546 640 648 688 imo
676 651 810 687 nutet
852 632 1141 682 fundamine
1150 632 1360 699 Caelum3
1524 658 1527 663 -
1689 653 1691 655 ·
1742 640 1744 642 ’
1823 655 1915 703 233

270 720 372 765 Stet
416 716 581 764 summi
620 718 803 764 Natura
843 725 1041 758 tremens
1079 722 1186 755 ante
1228 723 1306 755 ora
1345 663 1589 774 Parentis·
1780 713 1784 721 '

272 791 406 840 Ordo
445 791 599 838 omnis
638 804 794 836 tantus
835 801 1018 852 pereat.
1060 782 1146 832 Sed
1188 782 1290 831 cui?
1323 783 1486 842 Tibi,-
1520 782 1707 832 Vermis
1731 792 1758 832 Ρ

267 868 316 914 Ο
364 867 530 914 Error!
570 860 988 919 Fastusl-vesana,
1021 873 1168 925 atque
1208 857 1581 924 impiavvocais
1636 850 1638 852 ’
1702 868 1703 871 ’

278 939 409 1000 Quid
451 940 481 988 fi
523 934 761 989 foedandus
800 955 881 1005 pes
921 928 1144 1003 pulvere,
1184 933 1274 982 five
1314 933 1470 982 labore
1516 932 1520 933 ⁷
1725 985 1744 997 L·

276 1013 545 1064 Exercenda
586 1032 758 1063 manus·
787 1029 927 1079 caput
965 1011 1065 1060 effe⁴
1094 1008 1312 1058 affeeiet?
1351 1011 1396 1057 8<
1436 1009 1584 1075 ipsum
1648 1009 1667 1032 ‘⁷
1724 1028 1727 1031 ¹
1771 1014 1777 1016 “
1822 1017 1923 1063 260

277 1090 326 1137 Si
366 1105 504 1154 caput
545 1088 792 1155 imperium
822 1086 1099 1153 indigna-ns,
1142 1084 1393 1144 oculusve,
1435 1085 1511 1133 vel
1551 1085 1673 1134 auris

277 1161 498 1229 Amplius
536 1164 617 1211 effe
651 1163 828 1211 Animo
867 1161 994 1226 Regi
1028 1160 1330 1208 instrumenta
1371 1158 1616 1207 recusent?

273 1242 386 1287 Non
430 1239 580 1287 minus
625 1238 672 1285 in
717 1252 817 1286 tota
855 1235 1093 1284 absurdum
1133 1232 1426 1301 compagine
1465 1251 1616 1282 rerum
1659 1235 1748 1295 est,

276 1313 327 1360 Si
370 1329 499 1379 petat
533 1310 732 1362 alterius
758 1311 931 1361 sedem
942 1311 1074 1359 Pars
1083 1310 1239 1358 altera
1277 1307 1455 1368 Partis,

279 1392 344 1436 Et
385 1390 530 1437 Sortis
572 1388 755 1454 pertaesa
793 1388 905 1445 suae,
947 1383 1138 1452 justique
1179 1384 1358 1432 laboris
1487 1379 1501 1385 ”
1550 1379 1553 1381 ’
1827 1391 1933 1451 265

280 1468 468 1529 Arguat
510 1462 739 1529 augustam
767 1498 779 1520 ,
819 1479 918 1527 quae
958 1477 1184 1525 temperat
1225 1458 1414 1518 omnia,
1455 1460 1696 1507 Mentem.

282 1537 474 1603 Singula
506 1537 610 1586 sunt
650 1552 799 1603 partes
837 1535 1052 1584 mirandae
1095 1532 1280 1595 Molis,
1317 1536 1363 1581 δε
1402 1532 1563 1599 ingens

274 1614 413 1659 Mens
452 1609 615 1660 divina
653 1612 832 1660 animat
872 1613 1064 1659 Naturae
1106 1626 1297 1675 corpus,
1344 1607 1514 1673 ubique
1559 1607 1577 1672 (
1620 1625 1648 1658 2.
1684 1607 1705 1675 )

277 1686 365 1734 Illa
404 1687 591 1748 eadem,
631 1687 891 1753 'omnigenae
932 1685 1145 1752 quamvis
1186 1684 1261 1732 sub
1302 1682 1504 1750 imagine
1541 1681 1726 1751 formae3

275 1764 455 1827 Magna
494 1781 633 1826 aeque,
659 1762 708 1810 in
747 1763 936 1821 Terris,
961 1779 1117 1825 satque
1154 1759 1207 1811 in
1245 1758 1492 1806 molimine
1530 1757 1681 1806 Gaeli.
1833 1776 1937 1825 270

280 1834 368 1881 Illa
408 1836 457 1882 in
498 1837 605 1884 Sole
645 1836 762 1884 calet
792 1875 810 1903 ‚
856 1836 1073 1882 blandum
1123 1832 1199 1879 dat
1240 1832 1382 1898 frigus
1424 1830 1474 1878 in
1517 1834 1673 1890 Aura,

278 1912 334 1956 In
373 1908 527 1957 Stellis
568 1910 762 1967 rutilat,
806 1908 999 1956 florescit
1042 1909 1091 1955 in
1133 1908 1340 1963 Arbore,
1382 1905 1513 1954 rebus

279 1985 335 2031 In
381 1984 524 2031 Vivis
562 1985 704 2042 viva,
743 1983 954 2032 Extenfis
994 1982 1270 2046 extensaque
1312 1979 1483 2037 fertur,

281 2059 472 2124 Integra
512 2058 553 2106 se
592 2059 774 2119 fundit,
815 2059 1013 2126 largitur
1052 2055 1199 2105 nescia
1240 2052 1430 2113 damni,

283 2134 432 2196 Inque
465 2135 639 2182 Anima
683 2133 820 2200 spirat
864 2134 1043 2192 nostra,
1083 2135 1353 2196 Partemque
1395 2129 1614 2177 caducam
1834 2146 1928 2197 275

282 2206 491 2267 Imbuit‚
531 2225 582 2257 ut
622 2209 808 2267 Corde,
851 2209 899 2256 in
943 2207 1067 2255 tenui
1109 2207 1166 2254 sic
1208 2209 1344 2272 plena
1385 2204 1607 2269 Capillo,

279 2280 369 2330 Nil
413 2283 568 2332 minor
607 2284 655 2331 in
699 2283 890 2350 querulo
933 2281 1163 2342 Mortali,
1200 2298 1342 2346 quam
1381 2279 1659 2344 Seraphim,

278 2357 417 2405 Altus
462 2359 725 2407 adorantem
765 2376 901 2424 quem
946 2358 1136 2424 poffidet
1176 2357 1299 2404 aestus
1342 2355 1563 2404 Amoris:

280 2431 373 2479 Nil
412 2435 558 2481 altum
613 2450 689 2483 aut
730 2434 902 2491 imum,
942 2433 1006 2481 nil
1048 2450 1260 2498 magnum
1315 2430 1446 2478 nilve
1485 2428 1720 2477 minutum

277 2506 356 2552 Est
394 2508 515 2556 olli:
557 2511 647 2557 Illa
687 2509 876 2574 implet,
918 2506 1057 2565 finit,
1099 2507 1214 2574 ligat
1250 2504 1447 2563 omnia,
1488 2506 1534 2551 &
1575 2519 1748 2569 aequat.
1834 2511 1932 2556 280

1724 2576 1863 2626 Ordi-

186 2692 207 2737 (
238 2702 252 2727 1
284 2693 303 2739 )
328 2693 446 2730 Ceffat
474 2693 620 2741 quidem
650 2721 661 2740 ,
693 2693 834 2731 sublato
865 2694 903 2730 in
932 2696 1009 2730 Na·
1114 2695 1167 2741 (2
1193 2695 1212 2742 )
1240 2696 1338 2732 Cave
1367 2694 1454 2739 ista,
1482 2695 1537 2732 uti
1566 2694 1717 2742 sonant,
1744 2692 1932 2744 accipias,

133 2745 214 2778 ‘tura
240 2742 403 2790 annulo,
432 2753 528 2782 certa
557 2758 673 2781 rerum
704 2745 838 2793 series,
870 2744 924 2781 sed
956 2743 1009 2780 al-
1067 2743 1122 2780 sed
1152 2746 1302 2793 poeticae
1332 2745 1492 2782 licentiae
1520 2746 1700 2784 condones
1726 2771 1737 2791 ‚
1765 2758 1842 2794 quae
1872 2759 1936 2794 pa-

135 2798 212 2828 tera
242 2792 278 2829 in
305 2794 382 2836 ejus
411 2795 531 2832 locum
564 2795 737 2833 sufficitur
766 2822 776 2840 ,
805 2804 845 2832 ut
874 2795 917 2832 fit
946 2807 1008 2843 per
1060 2807 1137 2831 rum
1152 2759 1269 2834 pcaute
1299 2796 1345 2835 ab
1374 2797 1533 2834 Homine
1576 2795 1775 2834 Catholico
1812 2795 1934 2846 profe-

136 2842 318 2881 Miracula
346 2857 366 2881 a
394 2848 473 2882 Deo
503 2854 644 2894 patrata
672 2874 683 2895 ,
713 2860 777 2885 nec
821 2853 1012 2897 propterea
1064 2857 1210 2886 runtur.

136 2903 257 2931 rerum
282 2894 505 2936 Universstas
529 2897 696 2935 corruit
