2284 3436
927 165 969 210 L
1047 167 1068 209 I
1148 167 1185 210 E
1270 166 1306 209 E
1387 166 1426 208 R

422 249 629 307 Quaeque
671 239 764 306 agit
804 237 852 284 in
898 237 1030 285 nobis
1071 238 1196 295 Vis,
1235 238 1280 284 ὃς
1321 236 1438 301 regit
1481 233 1672 291 omnia,
1718 234 1916 298 dupieg‚

417 317 666 368 Instinfflus
709 313 799 361 sola
840 311 1013 361 virtute
1053 310 1321 378 potentibus
1359 315 1467 358 Una
1506 309 1609 376 est3
1766 307 1770 310 ’
1974 325 2073 358 100

417 393 642 456 Mensque
684 388 811 454 supra
853 388 1127 436 Instin6³tum
1168 386 1469 452 quantumvis
1509 385 1601 432 alta
1641 384 1837 440 feratur,

419 467 592 518 Muuia
636 463 814 512 Mentis
856 467 1014 511 Homo
1044 500 1056 520 ,
1097 462 1349 510 Instinssus
1389 460 1506 526 regit
1546 460 1702 507 omnia
1742 463 1959 507 Numen.

417 544 537 603 Quis
584 545 724 588 Bruta
763 556 1008 593 arvorum,
1050 536 1152 598 quis
1192 536 1320 580 Secla
1363 534 1568 580 colentia
1610 535 1744 582 silvas

415 616 585 668 Pabula
627 631 747 662 certa
791 613 917 659 malo
962 611 1119 657 docuit
1162 624 1424 673 praeponere
1456 606 1597 653 viro?

420 692 542 752 Quis
588 690 662 736 vel
703 685 892 734 arenoso
935 685 1012 732 sub
1056 683 1260 741 fornice,
1303 681 1377 729 vel
1420 680 1548 747 super
1587 682 1730 731 undas
1972 695 2062 742 ¹05

419 773 658 831 AEquoreo
703 760 861 810 Pecori
904 760 1128 817 accessus,
1170 755 1434 821 nimbosque
1477 774 1636 806 cavere
1654 763 1679 783 s

426 841 553 890 Poffe
593 838 758 887 dedit?
798 834 917 894 Quis
958 834 1193 884 Araneolo
1237 831 1484 880 describere
1525 832 1649 897 justis

417 916 637 966 Lineolas
681 910 870 977 spatiis,
912 911 1066 976 quales
1107 906 1349 958 Moivrius
1390 911 1409 974 (
1448 930 1462 956 ι
1500 907 1548 970 )‚
1589 909 1683 956 ulla

426 990 614 1055 Absque
656 989 788 1035 arte?
828 1002 904 1033 aut
945 984 1185 1042 Gruibus,
1227 983 1431 1050 generosi
1471 1000 1595 1031 more
1639 979 1766 1044 (2)
1810 979 2031 1031 Columbi
2063 1014 2078 1035 ,

421 1070 643 1132 Ignotum
685 1062 893 1118 Caelum,
937 1076 1073 1124 atque
1118 1059 1235 1106 alios
1273 1057 1511 1120 exquirere
1555 1057 1795 1104 Mundos?
1981 1070 2076 1100 110

423 1140 544 1200 Quis
586 1152 756 1185 coetum
804 1140 973 1180 vocat?
1012 1131 1244 1179 instruzffis
1286 1130 1389 1194 quis
1421 1146 1629 1194 tempora
1668 1128 1813 1195 {ignat

424 1210 748 1278 Agminibus?
787 1207 963 1256 cursum
1004 1207 1108 1273 quis
1151 1205 1314 1272 dirigit
1355 1204 1477 1254 inter
1517 1204 1744 1256 eundum?

426 1294 622 1338 Naturae
662 1290 794 1334 Deus
833 1284 1089 1350 omnigenae
1131 1283 1209 1332 diat
1249 1285 1378 1330 Sorte
1421 1280 1545 1328 beari

428 1362 561 1412 Poffe
599 1360 674 1410 sua
716 1361 910 1426 propriis
951 1357 1129 1406 inclusae
1169 1356 1367 1424 finibus3
1407 1374 1577 1421 utque,

420 1438 685 1485 Viventum
741 1435 922 1499 Species
967 1433 1168 1500 primum
1210 1433 1320 1482 dum
1365 1448 1624 1498 promeret,
1669 1430 1755 1479 effe
1983 1448 2073 1494 115

427 1514 605 1561 Felices
651 1511 803 1560 voluit
845 1511 972 1559 rebus
1015 1529 1092 1575 per
1134 1527 1294 1559 mutua
1336 1509 1490 1577 egenis

426 1587 652 1653 Auxilia3
694 1604 859 1635 aeterna
900 1585 954 1632 fic
995 1587 1094 1652 lege
1135 1587 1413 1633 Animantia
1452 1581 1608 1650 junxit

432 1666 635 1728 Quaeque
676 1662 808 1718 aliis,
851 1661 1147 1725 Hominique
1193 1660 1482 1724 Hominem3
1526 1658 1582 1705 fic
1623 1671 1829 1723 tempore
1871 1656 1924 1704 ab
1966 1655 2082 1718 illo,

434 1736 676 1802 Quidquid
719 1737 885 1784 cundia
925 1735 1130 1785 animans
1172 1735 1300 1784 fovet
1341 1736 1508 1794 aether,
1549 1732 1775 1798 quidquid
1817 1732 1865 1779 in
1904 1749 2010 1780 aura

429 1810 615 1878 Spirat,
659 1813 733 1858 vel
775 1811 964 1875 liquidis
1007 1813 1152 1877 vulgo
1194 1811 1433 1859 succrescit
1463 1810 1510 1856 in
1551 1807 1712 1867 undis,
1981 1824 2082 1856 120

431 1888 523 1934 Vel
572 1903 649 1951 per
688 1886 878 1934 humum
922 1885 1011 1933 late
1057 1885 1362 1945 diffunditur,
1406 1882 1540 1932 unius
1581 1884 1694 1947 Igne
1928 1891 1931 1894 “

427 1965 622 2012 Naturae
665 1959 798 2007 vitali
843 1962 988 2008 altum
1030 1959 1253 2026 genitalia
1292 1958 1467 2022 rumpit

432 2036 646 2085 Semina.
686 2038 783 2090 Jam
827 2053 911 2082 nec
953 2039 1146 2093 Homo,
1191 2053 1275 2082 nec
1318 2033 1443 2081 silvis
1488 2031 1715 2097 quidquid
1756 2034 1958 2092 inerrat,

429 2116 519 2160 Seu
562 2109 735 2158 volitat
774 2110 913 2170 caelo,
956 2108 1028 2157 seu
1072 2109 1274 2174 lymphis
1316 2109 1522 2166 innatat,
1565 2125 1705 2155 unum

420 2189 475 2234 Se
519 2184 559 2231 se
600 2200 750 2242 amat,
791 2185 978 2233 alterius
1021 2184 1093 2232 sed
1136 2189 1280 2233 Sexus
1321 2186 1337 2248 (
1374 2204 1397 2250 3
1431 2184 1446 2247 )
1489 2182 1728 2248 quodlibet
1768 2202 1892 2249 aeque
1979 2199 2071 2244 125

431 2261 582 2310 Ardet
626 2255 942 2326 Conjugium,
985 2260 1091 2308 dum
1133 2265 1272 2308 Sexus
1312 2276 1555 2323 utrumque
1596 2257 1647 2305 fit
1687 2278 1856 2309 unum.

425 2338 530 2385 Nec
573 2334 755 2382 validus
797 2335 933 2383 talem
975 2336 1241 2402 complexus
1284 2335 1389 2383 finit
1434 2340 1687 2382 Amorem.

423 2412 483 2458 In
523 2409 643 2457 natis
684 2410 724 2456 se
767 2411 913 2458 rursus
955 2428 1140 2459 amant:
1183 2409 1508 2475 volucresque,
1550 2408 1742 2474 feraeque

429 2483 683 2534 Communi
719 2484 890 2549 pariter
933 2486 1079 2534 studio
1122 2486 1193 2533 sua
1238 2488 1426 2552 pignora
1467 2500 1668 2532 curant:

424 2563 663 2609 Tutantur
704 2563 888 2620 Patres,
931 2564 1109 2612 Matres
1153 2563 1373 2611 alimenta
1415 2559 1702 2609 ministrant.
1981 2576 2080 2625 130

1938 2638 2005 2681 At

348 191 405 234 32

283 2849 292 2855 .‚
333 2801 354 2847 (
385 2813 399 2838 1
431 2801 452 2849 )
490 2799 755 2840 celeberrimus
793 2802 1081 2843 Mathematicus
1108 2806 1154 2844 ab
1257 2810 1277 2856 (
1306 2820 1322 2857 3
1355 2808 1374 2854 )
1416 2801 1643 2843 Defiderium
1688 2798 1960 2848 propagationis
1994 2812 2079 2837 cum

281 2850 358 2897 lpso
389 2854 585 2891 Nevvtono
613 2852 761 2902 plurimi
792 2853 934 2892 sacius.
1207 2860 1243 2897 in
1271 2859 1359 2896 aliis
1387 2852 1617 2893 Animalibus
1647 2862 1802 2900 praeceps
1831 2851 1902 2899 fit,
1934 2850 1970 2887 in
1999 2852 2078 2888 Ho-

330 2902 350 2947 (
379 2915 398 2938 2
428 2905 449 2950 )
490 2903 771 2953 christophorus
807 2905 1007 2946 Columbus
1035 2935 1048 2958 ‚
1082 2908 1147 2959 qui
1206 2911 1304 2949 mine
1330 2906 1442 2946 certis
1468 2904 1602 2943 finibus
1628 2901 1862 2942 continetur·

276 2960 411 2990 novum
438 2952 573 2994 Orbem
598 2955 763 2996 detexit.
