2284 3436
941 168 981 213 L
1060 169 1081 214 I
1161 168 1198 212 Β
1281 164 1318 209 E
1399 164 1438 211 R

440 241 647 307 Quisque
686 241 844 290 datum
887 257 911 287 a
953 241 1083 289 Caelo
1118 253 1366 291 contentus
1408 249 1458 283 ut
1500 232 1652 298 exigat
1690 232 1918 292 orbemlff

433 316 733 366 Cun6³c0rum
773 320 910 365 Pater
949 315 1026 363 ille
1065 311 1562 373 oculowidetmaeq-uus
1602 308 1762 355 eodem

431 393 684 442 Interitum
726 390 933 450 HeroiS,
976 389 1216 453 subitoque
1258 384 1464 434 cadentis
1504 383 1556 430 ab
1597 383 1692 431 iestu

432 467 653 526 Passeris,
694 469 814 514 idern
862 470 1065 513 Atomos
1111 463 1362 519 tui-barier‚
1407 474 1482 506 aut
1522 475 1650 505 ruere
1693 457 1855 515 Astra,

434 547 500 592 Et
543 558 726 589 tenuem
765 539 989 602 Lymphae
1028 538 1213 582 Bullam
1238 566 1254 591 ,
1296 535 1590 579 Mundumve
1623 531 1818 579 resolvi.
2016 551 2080 591 90

432 621 560 683 Ergo
601 615 723 681 spera
765 612 986 669 humilis,
1027 606 1346 673 trepidansque
1388 605 1591 670 affui-ge,
1632 605 1941 670 magistraeque

434 691 645 756 Expe&a
685 690 939 737 adventum
972 684 1175 742 Mortis,
1222 686 1237 748 (
1272 699 1290 730 1
1325 683 1345 747 )
1387 682 1433 727 &
1472 682 1664 727 Numen
1705 680 1864 729 adora.

434 770 549 816 Non
589 765 678 813 tibi
720 763 844 812 noffe
886 762 1072 820 datum,
1115 776 1212 824 quae
1251 756 1303 805 s1t
1347 754 1543 820 jucunda
1585 753 1729 803 futuri

437 845 542 889 Sors
585 842 693 888 aevi:
738 839 910 904 sperare
957 836 1097 892 licet,
1139 833 1312 899 sperare
1354 828 1475 880 beati
1517 830 1603 877 est:

436 920 547 980 Spes
585 918 706 962 viret
750 910 962 961 humanis
1005 925 1167 958 aeterna
1204 908 1254 955 in
1296 905 1538 960 cordibus,
1582 923 1718 968 atque
2019 920 2079 965 95

437 991 538 1049 Qui
579 1005 815 1054 nunquam
859 985 1001 1041 felix,
1040 983 1156 1032 felix
1199 998 1351 1031 tamen
1395 981 1473 1026 effe
1518 981 1791 1045 putandusg>

430 1066 618 1129 Quippe
662 1064 835 1112 Anima
875 1057 1152 1122 irrequieta,
1194 1057 1269 1103 sua
1311 1057 1418 1102 dum
1460 1052 1557 1098 sede
1599 1056 1759 1118 procul
1790 1051 1903 1112 stat,

413 1145 661 1188 -Venturae
703 1137 867 1203 gaudet
908 1146 1164 1197 percurrere
1206 1144 1394 1176 munera
1438 1126 1561 1172 Vitae
1587 1161 1598 1173 .

351 2597 417 2642 (ι

438 1214 605 1262 Indum
647 1210 851 1277 specstato
895 1205 1142 1262 miserum,
1185 1201 1262 1251 cui
1303 1199 1455 1250 nescia
1496 1199 1647 1248 cultus
1690 1200 1707 1265 (
1741 1219 1767 1251 2.
1802 1200 1820 1264 )

433 1291 575 1337 Mens
615 1285 665 1334 in
712 1284 826 1333 nube
868 1281 1029 1339 videt,
1072 1279 1150 1327 vel
1193 1276 1335 1326 sentit
1374 1277 1563 1323 Numen
1607 1274 1655 1321 in
1703 1292 1838 1324 aura.
1988 1292 2088 1326 100

439 1360 574 1411 Illius
616 1361 736 1409 haud
775 1358 980 1407 animam
1021 1353 1268 1403 tumefafi'ta
1308 1349 1512 1400 Scientia
1546 1350 1693 1414 ‚longe

436 1445 625 1488 Avocat
666 1437 716 1484 in
756 1436 941 1490 Solem,
983 1431 1059 1478 vel
1102 1446 1191 1494 qua
1227 1428 1312 1475 'via
1353 1425 1522 1472 Lag->tea
1563 1439 1727 1488 caner3

441 1523 510 1564 At
549 1513 739 1576 simplex
777 1512 792 1574 (
824 1527 848 1575 3
883 1510 903 1575 )
947 1506 1119 1570 sperare
1159 1502 1288 1551 dedit
1330 1504 1515 1549 Natura
1557 1498 1741 1563 putanti

442 1587 692 1636 Nubiferos
734 1585 857 1632 ultra
897 1595 1079 1628 montes
1122 1577 1338 1625 subsidere
1377 1574 1556 1621 Caelum

448 1661 673 1717 Inferiu3‚
715 1674 958 1722 tutumque
1000 1654 1144 1702 alium
1185 1650 1332 1717 magis
1370 1649 1457 1696 effe
1499 1647 1683 1712 repostae
1995 1662 2089 1707 105

437 1736 584 1783 Silvai
629 1735 676 1782 in
720 1731 870 1782 medio
912 1730 1173 1787 Mundum,
1216 1728 1471 1793 pelagoque
1512 1722 1690 1770 beatam

443 1811 682 1866 Insulam,
725 1809 802 1856 ubi
844 1824 954 1873 gens
995 1805 1121 1851 serva
1160 1802 1302 1850 solum
1345 1799 1497 1846 natale
1538 1796 1724 1852 revisit,

439 1889 542 1935 Nec
584 1888 777 1932 Daemon
819 1896 1013 1929 vexator
1055 1876 1203 1936 adest,
1247 1893 1364 1930 nec,
1406 1872 1485 1936 qui
1526 1871 1623 1918 suit
1669 1885 1859 1925 aurum,

443 1958 724 2010 Christicola
766 1962 784 2023 (
817 1956 930 2018 4).
968 1957 1071 2000 Hac
1112 1953 1239 1998 laetus
1282 1952 1471 1996 Naturae
1516 1945 1664 2001 sorte,
1706 1962 1789 1991 nec
1830 1942 1923 1990 alas

446 2033 702 2099 Angelicas
742 2046 900 2095 optat,
943 2045 1055 2085 nec,
1095 2024 1227 2089 queis
1269 2019 1546 2085 Seraphinus
1587 2018 1801 2074 inardet,
1994 2030 2089 2061 110

444 2109 637 2175 Ignibus
676 2104 838 2163 exuri,
880 2102 952 2150 sed
994 2100 1120 2148 Caelo
1162 2099 1305 2147 credit
1346 2096 1507 2144 eodem

439 2183 612 2232 Fidum
656 2182 770 2247 posse
811 2195 970 2226 canem
1012 2175 1226 2233 admitti,
1272 2171 1533 2234 sociumque
1572 2167 1804 2215 futurum.

443 2261 468 2306 I
512 2276 666 2315 nunc,
707 2273 842 2318 atque
885 2270 967 2301 tuo
1014 2250 1237 2317 perpende
1276 2245 1477 2314 sagacior
1518 2243 1675 2299 illam,

447 2336 564 2392 Quae
606 2330 692 2378 tibi
731 2331 812 2377 star
855 2344 1013 2376 contra
1052 2330 1241 2376 Numen
1283 2319 1537 2380 sententia,
1577 2315 1696 2365 sensu
1717 2325 1737 2380 3

445 2405 811 2472 Quodquetibi
852 2401 1013 2469 fingis,
1059 2401 1230 2449 vitium
1272 2397 1346 2446 dic
1388 2396 1516 2444 rebus
1557 2391 1718 2439 inesse:
1996 2401 2090 2447 115

748 2503 751 2505 Δ
780 2492 784 2499 ‘
1929 2461 2024 2510 Hic

449 2594 469 2641 )
498 2594 582 2628 Non
619 2593 715 2641 quasi
753 2591 847 2629 iners
883 2588 1028 2627 stoicus
1055 2613 1067 2635 ‚
1111 2585 1170 2624 sed
1224 2585 1261 2624 δι
1287 2582 1437 2622 homine
1465 2579 1598 2629 digna.

302 2646 400 2694 quasi
430 2648 551 2683 Homo
569 2669 580 2690 ,
607 2644 669 2690 qui
700 2644 762 2690 se,
790 2643 828 2680 &
869 2641 928 2678 sua
967 2639 1090 2677 omnia
1115 2637 1172 2675 di·
1276 2638 1367 2684 (4)
1397 2632 1502 2677 Quod
1529 2632 1571 2667 de
1603 2627 1733 2676 primis
1761 2624 1946 2663 Indiarum
1976 2618 2098 2657 vino-

303 2698 397 2737 vinae
427 2695 571 2738 subjicit
601 2695 858 2731 Providentiae.
1219 2688 1316 2726 ribus
1347 2684 1477 2722 Αυὲὶοτ
1506 2682 1566 2719 hic
1594 2680 1650 2717 ait
1681 2707 1693 2726 ‚
1736 2689 1806 2714 non
1846 2675 1893 2711 est
1931 2671 2098 2710 tribuen-

349 2748 417 2795 (z

449 2748 468 2793 )
497 2747 610 2781 Venia
640 2745 763 2794 aliqua
792 2742 910 2781 danda
938 2741 1023 2778 huic
1051 2740 1166 2787 rudi,
1218 2740 1303 2777 dum
1332 2736 1426 2773 vitio
1456 2731 1661 2782 Religionis
1689 2728 1810 2765 nostrae
1828 2752 1840 2773 ,
1869 2736 1946 2773 quae
1972 2720 2098 2758 omnia

299 2799 337 2835 ἃ
364 2795 508 2835 filvestri
535 2795 703 2843 homini,
723 2796 781 2832 cui
812 2806 894 2832 vera
923 2792 1068 2841 Religio
1095 2805 1167 2828 non
1220 2791 1352 2829 scelera
1379 2786 1573 2823 detestatur
1601 2808 1613 2826 ‚
1640 2780 1697 2816 sed
1742 2789 1860 2825 pravae
1901 2772 2095 2829 hominnm

300 2850 472 2897 affissget·
1220 2838 1407 2878 voluntati
1435 2863 1445 2883 ‚
1485 2847 1563 2883 qua:
1591 2831 1629 2867 in
1658 2828 1774 2865 malos
1810 2826 1890 2865 usus
1931 2824 2095 2872 Rehgxo-

348 2901 415 2946 (3

297 2949 428 2995 indus,

445 2901 464 2946 )
494 2905 578 2939 Non
616 2897 707 2934 talia
733 2923 744 2943 ,
785 2894 909 2943 qualia
952 2893 1069 2941 sperat
1108 2893 1168 2930 hic
1222 2904 1302 2929 nem
1330 2885 1527 2935 aliquando
1555 2878 1762 2921 convertit.

458 2949 518 3009 sed
548 2948 699 2987 Rationi
729 2946 846 2997 magis
890 2944 1129 2984 consentanea
1157 2970 1170 2992 ,
