2284 3436
663 146 711 190 T
786 146 827 190 E
906 147 953 190 R
1029 147 1076 190 T
1154 145 1178 190 I
1260 150 1303 192 U
1383 150 1438 193 S.
1791 170 1851 218 33

273 227 341 271 At
384 219 565 287 juvenis
604 219 760 266 Proles
802 216 980 265 dimissa
1020 235 1098 283 per
1139 235 1268 276 aera,
1316 237 1480 284 perque

266 297 542 354 Tellurem,
590 293 868 342 Instinfflum
908 291 1166 359 abrumpit,
1208 311 1455 358 curamque
1499 297 1775 363 Parentun13

276 370 617 436 Amplexusque
660 387 812 417 novos
853 387 1063 434 quaerunt
1105 386 1402 434 quaecumque
1446 368 1604 418 solutis

265 453 364 505 Jam
408 445 606 511 vinclis3
651 463 801 493 novus
840 445 993 491 Ardor
1038 444 1181 501 adest,
1228 441 1348 492 subit
1388 444 1532 492 altera
1577 447 1761 494 Proles.

267 527 482 570 Humana
522 518 725 568 imbellis
764 517 952 566 Soboles
997 536 1126 582 mage
1171 519 1312 583 longa
1354 521 1547 582 requirit
1821 541 1911 588 135

270 597 470 652 Officia,
514 599 558 643 8<
601 593 753 661 longis
794 591 1035 640 firmantur
1076 591 1264 639 vincula
1308 594 1453 651 euris,

267 672 500 729 Vincula,
543 687 642 736 quae
673 668 819 717 Ratio
860 665 1131 714 meditando
1172 664 1442 731 adstringit,
1492 667 1656 716 eodem

269 752 502 812 Tempore
542 763 646 794 cum
688 741 809 790 dulci
849 740 1126 807 protendens
1169 742 1432 790 Commoda
1473 746 1676 795 Amore.

265 825 466 870 Mutuus
499 820 632 868 ardor
675 815 799 885 agit,
841 817 986 866 Ratio
1031 835 1112 864 nos
1155 816 1348 884 dirigit,
1394 835 1531 884 atque

268 901 392 944 Cum
434 894 555 944 socio
595 892 758 943 Virtus
799 892 979 941 alterna
1020 892 1254 957 Cupidine
1295 909 1484 959 regnat3
1827 915 1927 962 140

268 971 450 1035 Resque
490 968 679 1017 subinde
721 968 909 1034 inopeS,
953 971 999 1020 δε
1039 968 1192 1016 crebra
1233 967 1494 1026 levamina,
1535 972 1580 1017 3<
1622 973 1712 1019 orti

266 1045 544 1094 Immittunt
586 1043 772 1091 habitus
813 1061 969 1111 gratos
1014 1043 1062 1090 in
1110 1044 1296 1108 pe&0ra
1337 1042 1486 1091 sensus

260 1125 347 1168 Pro
390 1118 597 1185 meriti33
644 1117 799 1187 generi
841 1136 979 1184 genus
1023 1117 1130 1165 inde
1173 1118 1386 1184 assurgit,
1429 1124 1669 1186 Amorque

267 1200 376 1243 Hoc
417 1196 636 1249 Naturae,
678 1193 883 1240 Habitus
926 1194 1058 1241 fovet
1101 1192 1249 1251 illud,
1293 1195 1336 1239 ὃ(
1381 1194 1546 1244 ultima
1591 1197 1771 1262 proles,

270 1269 508 1316 Infirmarn
549 1283 663 1315 natu
703 1267 887 1335 grandis
928 1268 1012 1316 vix
1051 1267 1212 1332 aspicit
1257 1267 1422 1327 Illam,
1830 1290 1919 1334 143

260 1345 396 1393 Unde
436 1359 589 1390 ortum
632 1342 784 1408 cepit,
825 1361 1002 1392 memor
1041 1343 1198 1403 ultr0‚
1239 1344 1282 1391 8<
1326 1344 1517 1409 provida
1558 1346 1723 1411 justum

259 1420 419 1467 Vertit
462 1419 509 1465 in
555 1418 782 1466 auxilium
826 1417 867 1466 se
911 1419 983 1478 se,
1026 1416 1256 1485 juvenilia
1297 1417 1504 1483 speEians

262 1497 526 1560 Tempora,
567 1495 613 1540 ὅ(
656 1491 866 1541 instantis
906 1493 1074 1558 pariter
1115 1510 1308 1541 ventura
1348 1496 1580 1557 Sene8tae‚

262 1571 447 1618 Gaudia
486 1568 632 1625 dum,
676 1568 941 1633 Gratusque
983 1569 1187 1618 Animus
1227 1605 1241 1626 ,
1283 1569 1478 1635 Spesque
1522 1571 1678 1622 addita
1722 1577 1926 1641 pandunt

260 1643 502 1693 Utilitatis
545 1661 653 1710 opes
702 1642 935 1703 Homini,
980 1648 1277 1709 Gentemque
1319 1660 1533 1694 tuentur.
1825 1669 1926 1716 150

254 1722 448 1768 Naturae
490 1737 548 1767 ne
594 1736 709 1767 caeca
752 1735 882 1785 putes
924 1720 1120 1788 vestigia
1160 1720 1342 1785 primae,

259 1799 450 1842 Naturae
493 1811 711 1859 regnante
754 1797 897 1841 Deo:
944 1812 1126 1859 coepere
1168 1812 1246 1858 per
1287 1795 1416 1843 illam

264 1871 429 1917 Privus
473 1873 653 1928 Amor,
694 1867 941 1933 Sociusque
985 1868 1145 1918 fimulx:
1190 1869 1345 1933 resque
1387 1871 1579 1934 omnis,
1624 1876 1669 1923 ὃς
1713 1873 1806 1941 ipse

261 1944 448 1999 Junelus
491 1947 676 1991 Homo:
722 1960 816 1990 non
858 1944 1016 1993 Fastus
1061 1957 1191 2001 erat,
1232 1962 1325 1991 non
1368 1946 1595 2013 quidquid
1639 1949 1810 2017 ubique

257 2017 388 2066 Artis
428 2018 586 2067 Fastus
625 2017 739 2066 alit:
779 2019 937 2067 Brutis
978 2018 1223 2068 immixtus
1265 2019 1449 2081 abibat,
1493 2026 1510 2090 (
1549 2041 1564 2068 1
1602 2023 1623 2091 )
1820 2045 1914 2092 155

260 2093 598 2159 Tendebatque
640 2111 779 2141 unam
824 2096 1018 2149 consors,
1051 2092 1278 2145 Mortalis
1320 2096 1373 2143 ad
1417 2097 1652 2161 umbram,

263 2168 475 2216 Mensam
515 2185 653 2216 unam
694 2170 898 2229 cunS’tis,
941 2188 1173 2238 unumque
1214 2169 1394 2231 cubile,
1433 2191 1520 2221 nec
1560 2174 1640 2223 Illi

260 2243 546 2292 Vestimenta
589 2243 761 2292 dabant
801 2245 1022 2306 infandae,
1062 2248 1404 2311 alimentaque,
1443 2248 1619 2297 caedes.

253 2319 436 2367 Cuntsta
476 2338 569 2368 uno
608 2319 658 2367 in
701 2324 906 2387 Templo
948 2322 1094 2371 resoni
1135 2320 1318 2368 vocalia
1358 2324 1478 2371 Luci

252 2398 515 2444 Commune
557 2394 766 2445 unanimi
807 2398 1096 2448 celebrabant
1135 2395 1337 2445 carmine
1377 2402 1598 2449 Numen.
1817 2412 1915 2455 160

259 2473 372 2516 Non
411 2487 492 2517 arae
524 2471 744 2519 decoratae
784 2490 926 2532 auro,
966 2492 1055 2521 non
1097 2472 1310 2538 sanguine
1350 2472 1511 2534 foedae,
1550 2477 1567 2540 (
1599 2496 1624 2526 2
1662 2473 1679 2536 )

253 2539 341 2589 Sed
383 2543 521 2607 pretii
563 2544 785 2610 ignarus,
830 2549 989 2607 caedis,
1031 2550 1263 2612 culpaeque
1301 2550 1549 2597 Sacerdos:

259 2617 436 2665 Omnia
478 2619 664 2666 curabat
706 2625 927 2684 Numen,
974 2641 1056 2671 nec
1099 2624 1273 2686 sceptra
1315 2623 1532 2684 Tyranni

1156 2703 1199 2747 h
1703 2703 1839 2752 Usur-

166 2836 185 2882 (
218 2847 232 2871 1
262 2839 281 2885 )
309 2841 411 2877 Inter
439 2843 550 2879 Bruta
579 2841 695 2880 vitam
724 2841 878 2892 degebat
906 2847 984 2881 Ho·
1037 2857 1113 2882 mas
1140 2851 1303 2884 cruentas
1340 2851 1417 2886 Deo
1456 2848 1614 2898 obtulit,
1660 2855 1698 2887 ut
1739 2849 1911 2890 meliores

112 2896 198 2932 mo,
227 2900 291 2924 nee
318 2890 515 2938 quidquam
542 2893 589 2930 ab
618 2893 695 2930 illis
723 2894 902 2933 timebat.
1033 2896 1167 2936 Critici
1196 2897 1389 2939 observant
1407 2928 1415 2938 .

161 2938 179 2983 <
206 2949 225 2974 2
256 2940 275 2987 )
304 2941 383 2978 Hoc
411 2941 568 2981 falsum.
599 2944 690 2984 Abel
735 2946 832 2984 enim
871 2944 980 2984 visti-
