2284 3436
194 835 224 857 ἃ)

638 122 697 177 Q
763 118 811 163 U
887 118 934 163 A
1011 116 1058 161 R
1135 116 1184 161 T
1258 116 1307 161 U
1383 114 1440 161 S.
1794 127 1858 172 45

270 194 400 258 Quid
442 193 570 244 turn?
608 192 793 241 Virtuti
837 208 947 239 num
993 187 1123 255 panis
1164 187 1320 236 debita
1362 185 1559 236 merces?
1825 203 1926 248 150

267 271 355 320 Ista
399 271 477 320 suo
517 269 706 318 Vitium
747 267 831 316 fert
873 265 1054 332 praemia
1096 263 1234 332 digna
1274 263 1460 320 labore,

268 347 358 395 Ista
398 345 587 407 Malus,
628 360 772 393 curvo
814 359 980 391 terram
1022 359 1124 390 curn
1167 338 1301 388 findit
1343 354 1521 398 aratro,

273 423 363 471 Ista
401 421 590 479 Malus,
631 432 822 487 pontum
867 437 972 467 cum
1018 432 1198 475 tentat,
1242 414 1318 464 ubi
1361 412 1534 463 incitus
1576 428 1686 461 auro

262 496 529 564 Mergitur,
570 513 648 545 aut
693 511 865 562 pugnat
908 492 1034 542 saevis
1075 511 1155 558 pro
1200 492 1407 558 Regibus
1448 493 1617 537 Error.

262 575 392 621 Nam
434 574 622 639 Sapiens
663 570 895 628 imbellis,
937 573 1063 617 Iners
1108 569 1228 631 potis
1268 566 1381 614 effe:
1419 565 1490 611 sed
1529 562 1618 612 olli
1837 580 1931 629 155

264 653 523 715 Nunquam
562 648 713 714 fulgor
755 651 912 711 Opum
957 644 1159 709 petitur-3
1205 645 1298 689 Pax
1340 639 1476 687 unica
1519 636 1650 686 cordi
1689 638 1781 686 est.

269 724 414 792 Finge
457 741 611 773 tamen
652 724 826 771 ditem:
869 719 974 767 satis
1013 718 1111 765 est?
1152 714 1261 768 satis
1303 715 1389 763 effe
1431 712 1615 780 negabis
1641 748 1653 760 .
1724 728 1731 734 ¹

268 806 407 848 Anne
440 799 703 859 Valetudo‚
745 795 961 862 Justoque
1005 794 1222 844 Potentia
1264 791 1406 840 desit?
1448 827 1480 849 ‚‚

271 879 427 924 Detur
465 877 511 921 ὅ(
552 874 671 921 alma
717 872 878 929 Salus,
919 888 1163 934 rerumque
1207 866 1452 917 Potentia.
1492 866 1578 914 Sed
1621 883 1702 915 cur

267 954 386 999 Non
430 948 616 1017 major?
655 965 736 996 cur
774 946 931 1014 privus
972 945 1111 1014 agit?
1150 944 1264 1011 quin
1307 943 1480 1009 sceptra
1523 940 1730 1007 recepit?
1831 948 1929 994 160

268 1025 359 1074 Nil
403 1024 463 1072 est
489 1063 500 1074 .
539 1023 631 1072 His
670 1023 834 1081 mistis,
876 1023 1041 1071 Animi
1085 1020 1199 1085 quin
1239 1037 1427 1068 munera
1468 1017 1654 1082 carpit?

272 1103 371 1147 Cur
414 1118 497 1148 nec
542 1104 705 1147 Homo
745 1100 966 1157 Numen,
1011 1115 1088 1144 nec
1131 1095 1295 1144 Tellus
1338 1095 1463 1162 regia
1503 1091 1619 1142 Caeli
1660 1090 1764 1140 est?

273 1174 413 1224 Talia
455 1173 535 1239 qui
577 1173 755 1221 Stultus
795 1174 987 1237 quaerit,
1031 1171 1114 1219 vix
1152 1171 1233 1218 ille
1273 1170 1467 1237 benigni

267 1254 410 1300 Dona
448 1248 514 1297 sat.
555 1248 703 1314 ampla
747 1248 875 1305 Dei,
910 1248 960 1294 ni
992 1246 1079 1294 fint
1121 1246 1265 1311 magis
1305 1246 1486 1310 ampla,
1531 1244 1740 1308 putabit:

272 1326 430 1391 Usque
473 1324 691 1372 immensa
733 1341 887 1388 petet,
932 1321 1004 1370 cui
1047 1339 1159 1371 nota
1202 1320 1426 1370 immensa
1466 1320 1692 1370 Potestas:
1833 1324 1927 1382 165

267 1401 412 1461 Quali
453 1403 642 1449 Naturae
688 1399 874 1447 tandem
915 1399 957 1446 se
986 1397 1137 1446 limite
1178 1397 1334 1445 sistet?

264 1475 409 1538 Quod
450 1478 575 1525 nulla
615 1476 664 1524 in
704 1474 839 1522 terris
879 1474 986 1522 dare
1028 1477 1153 1531 Res,
1200 1475 1350 1537 neque
1392 1471 1556 1520 tollere
1595 1471 1756 1538 poffit,

270 1550 484 1600 Candida
523 1555 617 1599 Pax
657 1550 832 1610 animi,
872 1548 1093 1615 cordique
1138 1546 1285 1595 infusa
1325 1548 1555 1612 Voluptas

268 1626 456 1675 Virtuti
496 1627 557 1674 est
597 1626 822 1693 pretium.
865 1625 954 1674 Vis
997 1623 1236 1690 amplius?
1276 1625 1344 1689 eja
1385 1622 1578 1688 superbo

273 1703 433 1751 Dubia
465 1701 518 1750 fit
556 1720 581 1750 a
621 1701 744 1750 sexta
784 1703 969 1750 cervice
1009 1700 1239 1749 Modestia
1282 1704 1464 1761 Curru,
1839 1714 1937 1756 170

274 1778 465 1832 Iustitiae
503 1776 681 1842 gladius
721 1777 966 1834 Viam-is,
1006 1780 1184 1824 Laurea
1227 1780 1386 1834 Vero,

273 1855 337 1900 Et
379 1850 537 1900 Patrio
579 1855 785 1910 Sermm,
828 1869 933 1900 cura
975 1849 1170 1918 ingens,
1214 1852 1349 1899 detur
1387 1848 1580 1899 Amori.

275 1928 462 1984 Tu-ne‚
502 1926 705 1992 abjefi'te,
747 1941 907 1991 putas,
948 1926 1210 1974 Hominum
1254 1944 1366 1990 quas
1408 1925 1544 1973 stulta
1587 1923 1774 1989 Cupido

271 2001 503 2068 Appetit,
544 2001 616 2050 his
659 2000 793 2070 nugis
837 2018 915 2049 tua
957 2001 1078 2050 fafi'ta
1117 2004 1361 2069 rependere
1401 1998 1625 2048 Numen?

273 2079 405 2139 Quin
446 2081 562 2125 Puer
601 2077 719 2143 ipse,
762 2080 809 2124 δε
852 2081 1013 2127 Homo
1053 2095 1291 2144 nunquam
1347 2092 1554 2124 mutatus
1597 2073 1766 2122 anhelo
1837 2091 1930 2136 175

281 2158 409 2202 Cum
452 2152 627 2220 gemitu
669 2171 898 2219 pomum,
944 2153 1014 2202 vel
1054 2155 1249 2202 crustula
1293 2151 1458 2199 blanda
1504 2148 1738 2215 reposcis?

274 2230 380 2287 Ito,
430 2246 653 2294 tuumque
699 2246 890 2286 canem,
934 2228 1121 2289 testam,
1167 2245 1452 2292 uxoremque
1495 2226 1647 2276 futura
1744 2216 1749 2219 ⁷

283 2306 341 2352 In
389 2302 488 2351 vita
539 2321 749 2363 manea3‚
789 2304 896 2353 Indi
942 2305 1073 2353 velut
1120 2304 1268 2353 incola
1311 2302 1454 2352 Caeli.

271 2380 466 2428 Somnia
510 2378 612 2428 sunt
654 2381 772 2429 istaec
812 2379 988 2428 divinis
1028 2382 1304 2444 Mentibus,
1345 2397 1482 2445 atque

289 2455 492 2520 Imperia
534 2455 628 2521 ipsa
668 2474 802 2505 merae
843 2474 971 2522 nugae
1000 2492 1012 2515 ‚
1055 2457 1246 2522 ludique
1290 2473 1550 2506 vocantur.
1670 2490 1673 2493 -
1836 2458 1935 2503 180

282 2530 424 2578 Talia
466 2533 635 2596 quippe
683 2531 805 2579 nihil
851 2531 1034 2580 Virtuti
1077 2547 1262 2581 munera
1309 2531 1526 2598 prosunt,

279 2603 415 2655 Illius
461 2603 667 2670 (heu!)
718 2606 893 2655 tristem
941 2607 1095 2673 potius
1135 2607 1337 2656 traE’tura
1379 2606 1562 2655 ruinam
1588 2641 1599 2653 .

273 2679 506 2729 Prove6³t0
547 2681 728 2746 quoties
767 2698 1033 2749 corruptum
1076 2683 1277 2731 vidimus
1320 2700 1446 2741 aevo,

273 2755 467 2804 Florida
506 2773 644 2821 quern
685 2757 902 2806 sanetum
944 2757 1078 2807 terris
1114 2759 1370 2809 ostenderat
1410 2759 1540 2806 aetas!

278 2831 373 2881 Cui
418 2848 520 2880 nam
562 2831 739 2881 divitiae
792 2834 965 2883 donent
1007 2837 1320 2903 Famamque,
1362 2834 1647 2898 fidemque,
1835 2835 1926 2895 185

1701 2904 1862 2958 Alma·
