2284 3436
1787 129 1842 171 17

220 220 1282 308 ALEXANDRI
1434 222 1836 303 POPE

390 391 623 461 DE
811 384 1676 457 HOMINE

474 558 833 607 LIBER
934 555 1581 605 SECUNDUS.

274 719 344 764 De
385 717 591 770 Natura,
635 710 694 755 (9‘
730 708 864 751 Statu
902 703 1105 751 Hominis
1130 738 1143 762 ‚
1184 706 1329 767 quoad
1356 708 1406 768 se
1445 704 1586 768 ipsum
1617 739 1631 765 ,
1672 716 1780 751 tam-

611 798 741 848 quam
779 796 863 827 rem
894 779 1142 843 fhlitariam
1159 814 1171 837 ‚
1207 779 1396 843 speb‘iati
1410 815 1421 827 .

589 930 1457 984 ARGUMENTUM.

140 1106 180 1135 1.
224 1090 324 1134 Non
364 1087 420 1145 est
462 1085 661 1132 Hominis
701 1084 963 1148 investigare
1002 1080 1164 1129 divina
1190 1116 1204 1138 ,
1241 1083 1324 1142 sed
1352 1082 1445 1137 fibi
1484 1081 1568 1144 ipsi
1611 1083 1690 1131 uni
1719 1084 1895 1142 studere
1922 1120 1934 1131 .

276 1162 433 1207 Media
474 1158 566 1219 ejus
607 1163 815 1216 Natura,
856 1159 1137 1213 Facultates,
1181 1157 1380 1218 Lapsus‚
1412 1157 1470 1202 &
1507 1174 1675 1219 eorum,
1716 1177 1810 1222 quae
1842 1160 1934 1222 pofi

267 1235 332 1290 sit
351 1270 363 1292 ‚
407 1234 568 1279 limites
609 1234 893 1281 indicantur.

137 1328 179 1356 z.
223 1313 320 1356 Duo
360 1310 405 1354 in
450 1308 632 1356 Homine
671 1309 898 1371 Principia
928 1309 1036 1369 sunt
1062 1343 1075 1365 ‚
1116 1307 1174 1352 (9⁶
1212 1305 1389 1370 quidem
1427 1304 1703 1372 necqffaria:
1758 1313 1893 1356 Amor
1922 1343 1935 1366 ,

292 1401 371 1446 quo
422 1385 471 1444 se
523 1384 700 1446 quisque
752 1382 1046 1445 compleffitur
1073 1416 1085 1437 ,
1141 1381 1197 1425 (9⁴
1252 1382 1390 1426 Ratio
1421 1417 1432 1427 .
1487 1382 1683 1430 Primum
1734 1384 1937 1430 validius

281 1458 300 1521 (
339 1457 407 1520 a)
449 1460 615 1516 altero,
648 1459 726 1519 sed
765 1473 993 1519 utrumque
1036 1455 1151 1501 idem
1181 1455 1341 1514 servat
1375 1457 1675 1518 propositum.

139 1548 189 1599 3.
225 1532 458 1598 AffeHus,
503 1551 728 1595 eorumque
765 1535 894 1595 usus.
938 1527 1137 1590 Affeffus
1176 1529 1444 1589 Dominam,
1484 1531 1558 1576 vis
1595 1528 1692 1591 ejus
1722 1567 1735 1587 ‚
1778 1534 1835 1578 &
1872 1550 1939 1579 ne-

280 1605 473 1675 ceffitas‚
517 1622 566 1653 ut
608 1608 813 1655 Homines
854 1608 918 1654 ad
955 1604 1089 1652 varia
1129 1621 1265 1650 rerum
1296 1622 1459 1667 genera
1513 1604 1769 1668 dirigantur
1797 1642 1808 1654 .
1848 1609 1940 1653 Hu-

272 1682 356 1743 jus
398 1683 497 1728 item
538 1682 738 1747 Affefflus
781 1685 879 1745 usus
931 1699 958 1727 a
1012 1679 1304 1727 Providentia
1353 1679 1611 1738 constitutus
1660 1682 1722 1727 ad
1752 1680 1940 1745 figenda

284 1758 596 1819 quodammodo
637 1758 893 1819 Principia,
934 1771 1026 1816 quae
1067 1755 1112 1801 in
1152 1754 1271 1799 nobis
1301 1756 1435 1814 sunt,
1474 1756 1767 1818 Virtutemque
1805 1774 1939 1803 corro-

282 1833 520 1878 borandam
544 1868 555 1879 .

140 1924 189 1968 4.
237 1907 406 1966 Virtus,
449 1908 504 1952 ἔν’
548 1906 704 1952 Vitium
743 1906 786 1951 in
825 1905 964 1952 mixta
1003 1915 1163 1949 natura
1203 1903 1342 1960 nostra
1376 1902 1621 1968 junguntur
1648 1941 1661 1963 ‚
1711 1905 1790 1965 fied
1827 1905 1892 1951 ita
1927 1939 1939 1960 ‚

293 1995 342 2027 ut
401 1980 559 2027 limites
612 1981 838 2043 utriusque
859 1979 953 2036 fibi
989 1978 1161 2039 quidem
1212 1977 1397 2024 invicem
1445 1979 1536 2034 sint
1583 1978 1772 2042 proximi
1795 2016 1808 2038 ‚
1860 1996 1941 2024 non

284 2070 423 2102 tamen
464 2058 560 2102 duae
599 2072 668 2101 res
692 2057 911 2118 separatae
945 2090 959 2112 ‚
1007 2051 1304 2115 distinHaeqtte
1333 2050 1410 2116 effe
1451 2053 1649 2110 desinant
1673 2089 1686 2102 .
1739 2053 1942 2116 Officium

286 2132 490 2178 Rationis
527 2132 655 2193 quale
687 2131 751 2187 sit
775 2165 786 2178 .

180 2240 189 2252 .
229 2209 372 2265 ,Quam
426 2206 614 2268 invisum
647 2205 713 2261 sit
753 2204 913 2252 Vitium
941 2237 954 2260 ‚
998 2204 1056 2250 (Ψ
1095 2220 1224 2266 quam
1279 2206 1416 2252 crebro
1455 2205 1511 2252 ab
1551 2223 1594 2251 eo
1634 2202 1935 2267 decipiamur.

230 2280 507 2341 Cupiditates
544 2296 713 2340 tamen,
754 2282 812 2328 Θ·
855 2280 1020 2342 Lapsus
1062 2279 1107 2324 in
1151 2280 1269 2326 nobis
1312 2281 1605 2327 Providentiae
1640 2278 1859 2336 consiliis,
1883 2281 1941 2326 (θ’

288 2358 497 2405 communi
539 2360 658 2403 Bono
703 2356 953 2419 respondent
978 2389 989 2400 .
1040 2358 1186 2412 ,Quam
1225 2354 1392 2401 utiliter
1428 2368 1518 2402 tum
1557 2356 1649 2401 illae
1674 2391 1689 2415 ‚
1743 2368 1832 2399 tum
1869 2353 1941 2411 isti

283 2443 363 2491 per
389 2433 589 2496 singulos
638 2433 868 2478 Hominum
910 2429 1096 2475 Ordines
1134 2428 1450 2486 distribuantur
1478 2465 1492 2488 ‚
1537 2431 1595 2476 (J
1647 2442 1806 2491 quanto
1846 2430 1941 2474 uni-

288 2507 420 2566 versae
459 2508 694 2564 Societati,
742 2507 800 2552 (9⁴
824 2504 1016 2567 singulis
1055 2504 1185 2549 etiam
1218 2506 1409 2566 personis
1455 2506 1500 2550 in
1545 2505 1740 2566 qualibet
1796 2504 1939 2550 condi-

291 2579 400 2626 tione
439 2583 580 2638 vitae‚
624 2595 753 2642 atque
797 2592 922 2626 aetate
965 2577 1230 2635 constitutis,
1275 2580 1544 2626 emolumento
1573 2579 1698 2635 fint-

142 2220 186 2327 9&OE

192 2780 304 2869 (as)
344 2784 424 2820 Imo
462 2782 571 2821 Ratio
610 2784 656 2821 est
694 2783 853 2822 validior
876 2808 887 2828 ‚
933 2794 1009 2831 quae
1048 2782 1143 2831 privi
1194 2783 1337 2821 Amoris
1375 2783 1449 2821 vim
1502 2794 1568 2831 pro
1623 2778 1777 2818 arbitrio
1820 2780 1933 2827 potest

144 2839 271 2880 eompe
290 2843 394 2871 cere.

1318 2890 1362 2934 C
1709 2879 1862 2946 Ipsum
1892 2934 1896 2947 ι
