2284 3436
374 183 439 214 Μ,
891 136 1390 215 ΙᾉΙΒΕΒ

306 2744 370 2787 (ι

442 241 513 285 Ut
556 235 698 303 magis
738 237 797 285 est
838 236 946 286 ollis
991 238 1127 288 fortis
1169 241 1417 300 strmstura,
1461 240 1702 307 minusve3
1988 263 2084 307 130

445 312 798 377 Omnivoroque
838 312 947 361 alias
985 316 1250 365 Dominans
1290 316 1478 382 persaepe
1520 313 1736 380 Cupido,

441 387 727 435 Ami-amidis
770 390 919 438 veluti
961 393 1182 457 Serpens,
1223 392 1455 440 absorbeat
1494 391 1680 440 haustu.
1723 393 1738 456 (
1780 410 1798 442 1
1832 392 1851 456 )

441 465 509 509 Ut
548 461 664 509 forte
706 481 729 510 a
773 463 920 528 prima
964 465 1072 514 vitae
1116 466 1342 532 spirabilis
1383 483 1487 514 aura

439 535 689 585 Accedunt
730 540 933 587 Homini
975 542 1168 587 occultae
1210 541 1329 584 mala
1369 539 1543 585 semina
1581 542 1789 603 Mortis,

438 610 614 675 Visque
651 630 810 660 recens
851 612 1014 660 Morbi
1055 614 1238 661 tandem
1279 610 1478 659 traciura
1519 613 1700 660 ruinam
1982 636 2075 682 133

440 685 736 735 Crescentem
779 686 985 752 sequitur
1026 687 1256 746 crescens,
1298 689 1342 735 &
1384 685 1512 737 firma
1555 688 1820 758 valentem3

443 759 519 807 Sic
561 761 738 810 Animo
778 779 1001 828 concepta
1044 766 1191 820 Lue8‚
1231 758 1543 828 immixtaque
1583 761 1743 814 nostrae

430 836 654 894 Naturae,
704 837 860 885 evadit
902 855 1051 886 rerum
1091 837 1250 905 regina
1291 838 1508 903 Cupido,

435 910 697 976 Vitalisque
742 911 906 960 humor
949 917 1129 962 Totum
1173 912 1348 961 nutrire
1392 913 1628 971 recusans,

436 987 689 1050 Corpori5‚
721 1004 859 1052 atque
898 988 1068 1037 Animi
1097 1004 1272 1054 partem
1315 989 1471 1038 influit
1513 987 1665 1036 omnis
1693 987 1743 1035 in
1784 988 1942 1059 istam3
1979 1011 2077 1057 140

433 1059 676 1126 Quidquid
713 1063 758 1107 ὃς
803 1063 1012 1109 accendit
1052 1064 1240 1126 peffluS‚
1281 1065 1515 1127 repletque
1556 1063 1820 1122 cerebrum,

426 1135 567 1180 Mens
608 1135 729 1181 vires
765 1135 895 1181 fimul
937 1136 1120 1183 innatas
1160 1135 1383 1199 patefa&a
1425 1133 1649 1194 recludit,

431 1207 674 1272 Quidquid
716 1210 761 1256 ὃς
801 1208 969 1257 infestae
1010 1209 1218 1277 fingendi
1260 1210 1426 1258 daedala
1463 1209 1628 1258 Virtus

429 1281 562 1329 Artis
603 1283 769 1341 habet,
809 1301 898 1349 qua
938 1286 1107 1333 vulnus
1150 1285 1280 1345 hiat,
1320 1284 1361 1334 se
1404 1287 1446 1334 se
1489 1302 1634 1334 omne
1679 1288 1911 1338 refundit.

428 1358 609 1404 Natura
651 1358 724 1406 hic
767 1374 937 1419 mater,
980 1361 1138 1409 nutrix
1180 1361 1302 1408 mala
1341 1361 1672 1410 Consuetudo:
1976 1382 2073 1427 145

427 1433 490 1478 Et
535 1432 723 1481 Vitium
764 1433 941 1500 ingenii
993 1436 1073 1482 dos
1113 1434 1330 1500 quaelibet
1375 1453 1544 1502 auget,
1592 1438 1636 1482 8<
1678 1436 1771 1500 ipsa

426 1506 619 1554 irritans
658 1508 803 1556 Ratio
845 1509 1056 1568 exacuit,
1098 1509 1396 1576 geminatque
1441 1510 1683 1575 vigorem,

416 1579 585 1628 Acrius
627 1600 675 1631 ut
714 1585 833 1631 Solis
873 1583 953 1632 lux
994 1584 1128 1650 ignea
1168 1584 1316 1632 reddit
1357 1602 1569 1632 acetum.

424 1657 479 1702 in
522 1655 636 1721 justo
678 1655 787 1705 licet
828 1659 1063 1723 Imperio,
1106 1676 1191 1707 nos
1230 1659 1368 1723 usque
1412 1658 1490 1707 sub
1533 1657 1620 1705 Ista

417 1728 603 1796 Regina
642 1731 851 1793 imbelli,
891 1732 1042 1781 miseri
1085 1751 1295 1799 paremus
1333 1734 1535 1784 Amicae.
1974 1755 2075 1800 130

415 1805 522 1862 Ah,
563 1804 592 1851 fi
634 1824 718 1855 nec
759 1809 882 1874 leges
921 1807 1098 1867 Ratio,
1142 1827 1221 1856 nec
1265 1809 1462 1875 porrigit
1501 1825 1652 1865 arma,
1698 1809 1713 1871 (
1747 1826 1769 1853 2
1803 1811 1819 1872 )

412 1880 568 1938 Quid,
610 1881 803 1930 nostram
846 1882 928 1931 nisi
972 1882 1215 1932 stultitiam
1258 1882 1575 1949 praepandere,
1619 1883 1776 1947 possit?

412 1956 488 2000 De
529 1954 680 2003 nostra
719 1957 854 2006 docet
895 1957 985 2005 Illa
1028 1958 1163 2021 queri
1204 1975 1286 2006 nos
1331 1962 1498 2016 Sorte,
1537 1957 1751 2022 nihilque

413 2028 692 2094 Corrigere,
734 2027 953 2079 incusans
995 2032 1228 2090 multum,
1268 2031 1521 2098 frustraque
1561 2031 1801 2090 laborans,

412 2104 594 2150 Frustra
635 2107 679 2152 &
722 2123 908 2154 amans:
947 2107 1074 2155 ultro
1117 2112 1322 2157 Patrona
1363 2127 1421 2156 ex
1463 2107 1645 2166 Iudice,
1686 2106 1849 2164 nobis,
1967 2124 2057 2172 155

414 2179 555 2237 Quod
594 2178 817 2241 facimus,
859 2182 1045 2240 suadet,
1085 2182 1320 2233 faffiumve
1363 2202 1387 2231 a
1429 2182 1623 2232 crimine
1665 2198 1860 2248 purgat,

412 2253 476 2299 Et
515 2253 650 2318 parvi
691 2256 866 2304 vifflrix
913 2257 1210 2318 certaminis,
1251 2257 1390 2324 usque
1428 2257 1614 2324 superba

411 2330 688 2378 Summovet
730 2332 939 2380 AffePtus
978 2332 1230 2393 minimos,
1268 2337 1590 2400 Magnumque
1629 2331 1843 2397 reponit..

403 2400 478 2448 Sic
521 2404 739 2453 Medicus
781 2423 911 2471 putat
951 2408 1165 2457 humores
1204 2409 1425 2475 pepulisse
1470 2425 1715 2465 nocentes,

410 2477 468 2522 In
506 2477 676 2527 vitium
719 2482 856 2529 tristis
895 2500 1000 2531 curn
1039 2484 1303 2534 confluxere
1341 2483 1571 2550 podagrae.
1957 2485 2055 2531 160

409 2554 597 2600 Naturae
636 2573 744 2603 ante
784 2557 898 2605 alias
937 2562 1129 2609 Naturae
1170 2560 1330 2609 semita
1374 2559 1554 2624 semper*

1870 2632 1980 2681 Cal-

400 2744 421 2792 )
449 2743 629 2792 Aaronis,
658 2745 729 2784 filii
760 2751 936 2796 Amram,
955 2747 1058 2799 virga
1086 2751 1126 2788 in
1186 2751 1335 2800 eiusque
1365 2751 1629 2790 imbecillitate
1651 2776 1662 2796 ,
1705 2750 1761 2786 ita
1801 2747 2055 2797 accipiendumv

257 2796 463 2841 Serpentem
491 2795 661 2834 conversa
689 2800 882 2848 Magorum
914 2799 1036 2848 virgas
1050 2815 1127 2839 mu-
1184 2804 1230 2840 est
1259 2831 1270 2849 ,
1311 2810 1350 2839 ut
1390 2803 1558 2841 Liberum
1602 2800 1800 2836 Arbitrium
1830 2825 1842 2843 2
1885 2800 2053 2836 imminui

264 2856 355 2881 tatas
385 2846 698 2885 incantationibus
723 2849 765 2886 in
796 2852 987 2888 Dracones,
1022 2852 1135 2891 devo·-
1187 2853 1357 2902 quidem,
1383 2864 1569 2901 nunquam
1598 2858 1718 2891 tamen
1756 2850 1920 2898 extingui
1947 2851 2055 2898 Poffit

261 2895 354 2931 tavit
372 2923 380 2931 .

310 2949 377 2987 (2

1053 2939 1055 2941 ,
1150 2944 1153 2945 ⁷
1183 2915 1247 2952 per
1275 2903 1518 2952 quascumque
1543 2900 1600 2939 vel
1639 2901 1823 2941 maximas,
1857 2900 2080 2951 Cupidini-,-

406 2949 425 2994 )
450 2948 555 2993 Quod
582 2949 642 2987 hic
670 2949 712 2990 de
753 2951 914 2990 Ratione
956 2952 1090 2992 dicitur
1119 2980 1131 3000 ‚
1184 2962 1265 2992 test
