2284 3436
374 179 440 212 20
939 162 979 208 L
1036 157 1080 207 ⁴I
1158 161 1195 207 B
1271 162 1311 208 E
1389 163 1435 208 R

443 237 561 295 Quae
603 232 749 282 nutrit
789 232 830 281 se
875 231 946 295 se,
985 251 1037 283 ac
1075 233 1258 294 fundit,
1294 235 1572 298 tandemque
1618 234 1870 302 putrescit3

449 314 550 357 Aut
592 310 778 358 aethram
819 307 1009 357 flammae
1047 307 1216 374 species
1257 309 1346 358 fine
1386 311 1482 374 lege
1525 324 1783 372 pererrans,
2009 312 2074 370 55.

442 387 611 432 Cetera
650 402 747 449 quae
781 382 1001 443 absumit,
1039 385 1320 450 proprioque
1368 382 1615 432 absumitur
1663 382 1791 431 aestu.

441 464 512 509 At
554 458 641 506 Vis
680 458 761 506 illa
801 476 999 507 movens
1038 461 1142 506 vult
1183 459 1269 506 effe
1309 458 1563 508 valentior:
1600 456 1684 504 olli

445 537 631 582 Natura
673 533 779 581 hinc
819 533 955 598 agilis
993 545 1251 595 pertentat,
1291 533 1509 595 adurget,
1548 533 1592 576 8<
1637 530 1790 597 afflat3

444 609 614 656 Altera
654 607 814 654 sedatis
861 623 982 653 amat
1027 603 1196 652 arbitra
1244 603 1446 652 motibus
1486 603 1578 650 alta

443 685 559 730 Pace
597 681 713 728 frui:
754 680 865 728 hinc
911 679 1114 728 monitus
1156 677 1376 739 statuens,
1420 680 1463 725 8<
1507 677 1630 724 frena
1676 677 1931 727 ministrat.
2015 695 2085 737 70

444 760 553 805 Hoc
596 757 720 803 valet
763 756 853 804 Illa
894 755 1066 821 magis,
1096 770 1188 818 quo
1227 772 1295 802 res
1338 771 1464 819 mage
1501 769 1690 817 quaeque
1741 753 2088 819 propinquant,

439 832 527 880 Ista
567 832 722 896 procul
770 831 937 877 distans
984 827 1218 893 prospecstu
1261 828 1434 894 lingula
1477 826 1630 874 lustrat
1652 848 1680 885 ‚-

441 905 533 954 Illa
573 906 652 952 fibi
693 904 876 953 confine
917 908 1129 961 Bonum,
1171 903 1291 968 quod
1339 902 1532 951 sensibus
1577 901 1749 960 adstat,

436 983 550 1028 Haec
590 979 683 1045 post
723 996 847 1028 certa
891 977 1019 1026 videt
1059 995 1208 1026 rerum
1252 994 1486 1026 momenta
1517 980 1778 1025 Futurum.

432 1056 548 1114 Quae
592 1070 800 1114 tentant,
846 1052 1148 1118 Argumentis
1187 1070 1317 1117 mage
1359 1052 1510 1100 crebra
1549 1050 1807 1106 recursant,
2011 1068 2073 1117 75

434 1127 740 1191 Confilioque
780 1143 946 1190 potens
985 1125 1133 1172 Ratio
1171 1124 1259 1184 est,
1300 1128 1446 1172 Amor
1487 1123 1657 1188 impete
1698 1123 1903 1188 praestat:

438 1202 582 1266 Cujus
622 1200 653 1247 fi
694 1199 872 1248 validos
911 1199 1072 1264 quaeris
1114 1198 1373 1263 suspendere
1414 1214 1596 1259 motus,

431 1275 626 1323 Sedulus
665 1274 863 1324 ausculta
901 1272 1126 1331 Rationi,
1169 1273 1345 1322 sedulus
1384 1273 1514 1322 illam
1554 1274 1570 1337 (
1614 1289 1630 1317 1
1670 1274 1690 1339 )

432 1349 661 1398 Consule.
707 1347 757 1397 Si
799 1367 982 1416 pergas,
1033 1346 1213 1396 Habitu
1254 1349 1477 1409 donatus,
1518 1348 1564 1393 δι’
1602 1345 1699 1394 Usu

427 1423 662 1472 Firmabis
703 1426 948 1482 Mentem,
989 1425 1034 1470 ὅ(
1073 1422 1271 1471 subitum
1311 1422 1513 1471 frenabis
1553 1424 1804 1470 Amorem.
2012 1428 2077 1476 80

424 1503 538 1547 Haec
569 1500 692 1560 duo,
732 1516 830 1564 quae
870 1497 997 1547 socio
1033 1498 1290 1563 junguntur
1326 1496 1527 1555 foedere,
1569 1495 1622 1543 ad
1661 1513 1785 1544 arma

421 1573 657 1638 Propellat
701 1591 826 1621 nunc
870 1571 993 1620 Litis
1034 1589 1227 1630 amaus,
1266 1573 1433 1620 Schola
1475 1587 1570 1619 tota
1612 1571 1801 1637 Lycaei3

425 1645 667 1695 Virtutem
709 1666 733 1695 a
779 1651 954 1706 Dono,
997 1647 1119 1712 quod
1162 1650 1354 1696 Numen
1396 1644 1548 1696 reddit
1588 1644 1823 1704 amicum,
1871 1644 1891 1709 (
1927 1647 2003 1709 2)

427 1719 663 1783 Dividat,
702 1725 747 1771 ὃς
776 1723 990 1771 Mentem
1032 1741 1056 1769 a
1096 1721 1266 1783 Sensu‚
1309 1721 1547 1770 temeraria
1587 1719 1700 1767 totis

417 1795 642 1857 Vitibus,
682 1815 840 1863 argute
883 1796 1130 1861 infipiens,
1174 1800 1218 1843 ὃ(
1260 1796 1416 1861 saepius
1457 1813 1551 1844 uno
2013 1800 2074 1859 85

419 1873 624 1937 Ignoto,
665 1887 842 1919 notove
888 1888 1046 1939 gerens
1087 1888 1167 1936 pro
1206 1870 1396 1919 nomine
1438 1869 1644 1919 bellum.

427 1948 554 1993 Cura
593 1944 659 1993 sui
687 1984 700 2006 ‚
740 1948 785 1993 &
822 1946 967 1994 Ratio
1006 1946 1174 1993 Finem
1214 1945 1466 2011 jaculantur
1505 1942 1748 2001 eumdem,

419 2019 751 2084 Secstanturque
792 2021 1129 2086 Voluptatem,
1173 2018 1444 2086 fugiuntque
1485 2017 1749 2076 Dolorem,

427 2093 517 2140 Illa
560 2092 744 2141 inhians
782 2093 925 2143 visam
966 2093 1197 2160 speciem,
1238 2093 1485 2160 fimilisque
1527 2093 1747 2150 voranti,

419 2167 588 2216 Altera
629 2186 721 2215 non
762 2168 861 2216 laeso
903 2169 1090 2235 cupiens
1132 2169 1221 2217 mel
1262 2169 1422 2218 ducere
1465 2169 1615 2231 fior-eg,
2004 2184 2071 2226 90

413 2246 485 2292 At
526 2239 663 2290 nobis
707 2243 852 2304 male,
894 2244 970 2292 vel
1010 2244 1132 2292 rec'ste
1176 2261 1396 2309 concepta
1439 2244 1673 2307 Voluptas

412 2320 652 2365 Summum
692 2318 786 2382 jure
828 2318 1035 2379 Malum,
1077 2323 1376 2367 Summumve
1418 2318 1568 2367 futura
1608 2318 1852 2363 Bonorum
1890 2313 1983 2363 est.

419 2391 723 2439 Multimodis
758 2392 895 2458 privo
935 2393 1146 2442 Aflefitus
1178 2391 1420 2460 finguntur
1456 2390 1652 2448 Amori,

411 2470 571 2529 Atque
612 2466 731 2514 Boni
771 2466 915 2533 specie
958 2467 1093 2528 veri,
1133 2467 1291 2516 fallive
1331 2485 1607 2517 moventur.

407 2540 526 2597 Sed,
568 2539 788 2605 quoniam
830 2560 928 2590 non
965 2559 1101 2591 omne
1144 2545 1327 2591 Bonum
1366 2559 1473 2609 pote
1512 2542 1666 2590 didere
1707 2539 1750 2588 se
1784 2539 1858 2598 se,
1994 2560 2062 2609 95

417 2614 608 2679 Nosque
647 2615 775 2683 jubet
814 2616 961 2667 Ratio
1005 2617 1137 2667 rebus
1177 2616 1436 2666 succurrere
1475 2615 1668 2677 nostris,
1864 2687 1956 2735 Aff

1950 2708 1992 2738 e.

314 2838 337 2892 ,(
365 2849 382 2873 ¹
407 2839 428 2885 )
463 2836 582 2876 Ratio
604 2837 682 2876 sola
723 2852 795 2877 ¹¹01!
825 2841 956 2879 sufficit
980 2856 994 2886 ;
1034 2842 1139 2881 videt
1240 2845 1261 2890 (
1292 2844 1350 2890 2)
1377 2828 1513 2890 Carpit
1538 2836 1663 2877 anaor
1690 2834 1842 2873 inutiles
1868 2834 2063 2873 Scholasti-

266 2899 360 2942 e¹³¹‚m
390 2888 544 2929 melior&
583 2888 785 2941 probatque
811 2918 824 2940 ‚
865 2892 1047 2932 deteriora
1084 2894 1138 2933 se·
1190 2905 1312 2930 corum
1342 2892 1553 2940 qua-:stiones
1580 2916 1591 2936 ‚
1621 2899 1692 2924 non
1720 2888 1902 2935 Dogmata
1928 2913 1941 2934 ,
1980 2898 2066 2936 qiua?

267 2948 392 2987 ‘iustus
410 2965 419 2976 ο
1190 2941 1398 2981 Catholicis
1426 2950 1673 2992 proponuntur
1699 2934 1910 2977 credenda.
