2284 3436
624 128 673 174 T
748 127 789 172 E
867 127 911 171 R
988 125 1036 170 T
1114 126 1137 170 I
1216 126 1263 169 U
1340 122 1397 175 S.
1780 135 1844 185 37

262 204 373 250 Non
418 218 516 251 tum
556 200 690 249 duxit
730 205 880 248 Amor
919 213 1105 264 gentes,
1148 195 1298 243 malus
1339 187 1526 257 impulit
1570 191 1754 250 Ardor,
1812 198 1912 254 265

257 276 505 344 Inferaque
550 277 566 341 (
603 293 619 321 1
655 275 670 338 )
709 279 862 323 Antra
899 273 1099 329 Odium,
1145 270 1418 333 Caelumque
1460 267 1680 330 Superbia
1725 266 1914 314 struxit.

267 356 373 403 Nec
414 355 504 419 jam
546 350 662 399 sacra
703 349 790 399 fuit
836 349 1007 397 summa
1043 346 1246 412 ‘amplius
1290 339 1493 393 AEtheris
1536 340 1686 388 Aula:

258 428 494 476 Marmore
535 425 774 492 surgebant
818 425 1049 472 fumantes
1092 421 1288 471 caedibus
1324 425 1462 476 Arae,

263 507 327 550 Et
365 502 477 568 dape
521 499 561 547 se
601 501 713 548 viva
755 498 959 565 pascebat
1011 499 1240 555 Flamen,
1283 498 1329 543 8<
1370 493 1474 540 inde

207 632 209 634 ,
259 581 484 625 Humano
523 574 697 623 foedum
737 574 967 622 saturabat
1011 572 1228 636 sanguine
1272 574 1491 617 Numen:
1817 583 1919 629 270

257 652 441 700 Caelesti
484 669 651 701 terram
698 650 874 698 tonitru
912 646 1134 695 concuffit
1161 681 1175 703 ‚
1218 647 1263 692 ὃς
1302 641 1446 706 ipsum

261 731 380 775 Arte
429 730 585 776 Deum
628 723 833 792 proprios
876 721 1104 770 versatum
1146 717 1336 768 immisit
1372 716 1422 764 in
1461 712 1633 761 hostes.

258 802 334 850 Sic
375 804 501 851 inter
542 804 660 859 Fas,
705 815 843 864 atque
885 797 1028 846 Nefas
1078 796 1160 844 fibi
1200 793 1384 843 deditus
1427 788 1508 840 uni

257 877 439 938 Lucra,
478 873 784 942 VoluptateS‚
823 874 1158 921 &Honorum
1203 869 1406 918 culmina
1443 862 1606 932 quaerit

252 952 420 1000 Privus
463 958 615 1002 Amor
642 989 655 1012 ‚
695 946 960 1014 cunfi’tisque
996 947 1118 997 idern
1163 943 1376 1001 diffusus,
1423 939 1575 1004 Origo
1819 955 1912 1004 273

257 1027 340 1073 Fit
379 1030 589 1094 Legum,
630 1025 747 1074 unde
792 1023 871 1072 fibi
910 1024 1089 1081 frenos,
1132 1026 1175 1071 ὃ(
1222 1018 1408 1068 vincula
1451 1014 1606 1065 nefflat
1635 1047 1645 1060 .

259 1105 418 1161 Nam,
465 1102 495 1148 fi
537 1099 788 1164 discupiant
831 1097 942 1158 alii,
982 1098 1104 1162 quod
1143 1094 1336 1159 discupit
1380 1111 1526 1152 unus,

258 1178 393 1222 Unus
431 1176 542 1241 quid
582 1174 754 1231 faciat,
800 1173 968 1237 cupido
1005 1172 1035 1219 fi
1077 1172 1206 1219 turba
1250 1168 1500 1234 repugnet?

253 1249 560 1308 Dormimns,
602 1246 862 1315 vigilansve
903 1247 985 1294 fibi
1029 1246 1142 1311 quid
1184 1245 1362 1304 servet,
1404 1242 1482 1289 ubi
1528 1233 1645 1288 alter

258 1325 465 1374 Imbellis
503 1324 650 1391 magis
692 1322 915 1383 invadat,
955 1320 1102 1390 magis
1142 1319 1318 1370 auferat
1361 1323 1501 1367 acer?
1819 1315 1918 1362 280

253 1401 437 1448 Tutelae
480 1417 605 1449 certo
647 1399 702 1448 fit
745 1397 887 1463 preffa
927 1397 1142 1445 Licentia
1186 1396 1333 1454 Fine,

256 1475 621 1540 Defendantque
674 1491 869 1534 omnes‚
912 1473 1035 1537 quod
1077 1470 1269 1536 quisque
1312 1468 1543 1534 acquirere
1582 1465 1800 1514 anhelat.

262 1553 390 1598 Cura
432 1553 448 1616 (
482 1548 554 1611 z)
601 1549 667 1598 sui
719 1554 872 1615 Reges
916 1546 1124 1595 Virtutis
1166 1544 1292 1612 figna
1336 1544 1520 1610 coegit,

256 1623 578 1690 Justitiamqne
621 1624 776 1689 sequi,
817 1639 1111 1687 mentemque
1149 1620 1311 1668 referre
1355 1619 1624 1686 benignam3

255 1699 422 1749 Privus
463 1705 615 1748 Amor
656 1699 879 1765 siquidem
921 1697 1113 1765 vestigia
1157 1695 1302 1762 prima
1346 1694 1611 1759 relinquens
1819 1698 1912 1755 285

249 1774 477 1840 Repperit
520 1774 624 1822 inde
664 1774 788 1821 suam
826 1792 905 1837 per
945 1775 1128 1838 publica
1176 1770 1437 1818 Commoda
1476 1774 1688 1818 Sortem.
1727 1788 1754 1795 ss

256 1852 383 1896 Tum
428 1851 583 1914 Caput
623 1847 859 1896 addifi’mm
900 1847 1109 1913 Sophiae‚
1152 1844 1406 1912 generosior
1444 1845 1489 1890 &
1532 1847 1698 1903 Mens,

256 1923 558 1988 Secia-torque
600 1921 727 1982 Dei,
772 1938 911 1986 atque
959 1923 1167 1969 humanae
1206 1919 1358 1987 gentis
1399 1922 1599 1968 Amator
1624 1955 1637 1978 ‚

253 2001 321 2046 Et
363 2002 537 2057 Vates,
581 1997 807 2062 Civisque
844 1998 988 2045 bonus
1027 1995 1222 2044 surrexit
1257 2033 1269 2055 ‚
1311 2011 1360 2042 ut
1402 2008 1507 2041 ante

254 2072 454 2121 Tradita
503 2078 696 2123 Naturae
738 2091 920 2122 morum
965 2073 1269 2129 documenta,
1311 2068 1564 2133 Fidei-nque
1811 2084 1918 2137 290

254 2148 523 2209 Redderet,
566 2150 610 2195 δε
653 2145 795 2212 prisca
835 2147 1099 2206 Mundum,
1142 2165 1238 2193 non
1277 2147 1403 2192 Luce
1445 2144 1630 2192 novella
1682 2146 1698 2210 (
1733 2164 1758 2211 3
1793 2145 1811 2209 )

253 2222 507 2283 Lustrans,
545 2221 714 2269 divinae
757 2222 948 2289 signaret
998 2221 1220 2287 Imaginis
1266 2219 1504 2267 umbram.

254 2296 386 2346 Hinc
429 2297 621 2363 Populi,
670 2300 715 2345 8<
755 2302 904 2363 Reges
948 2296 1066 2353 Juris
1112 2295 1311 2343 didicere
1352 2294 1454 2359 quis
1494 2292 1610 2340 Usus
1646 2331 1659 2353 ,

257 2376 363 2422 Nec
401 2389 557 2421 tenues
598 2372 750 2422 laxare
794 2372 963 2432 nimis,
1018 2389 1098 2420 nec
1146 2370 1328 2419 tendere
1366 2368 1560 2418 habenas
1592 2405 1604 2427 ‚

1792 2450 1856 2494 Et

154 2677 176 2723 (
207 2694 222 2714 1
254 2676 275 2722 )
303 2674 379 2712 Esse
411 2673 530 2733 locum
562 2675 824 2726 suppliciorum
852 2677 989 2726 plenis·
1041 2677 1248 2724 hujusmodi
1278 2677 1383 2729 origo
1413 2676 1527 2716 tribui
1559 2680 1695 2728 potest.

106 2726 233 2784 simum
260 2739 280 2763 a
307 2728 386 2783 Deo
417 2727 545 2776 impiis
565 2756 576 2773 ‚
618 2728 656 2765 δι
696 2727 880 2767 sceleratis
923 2729 990 2765 ho-
1096 2731 1116 2777 (
1150 2743 1169 2766 z
1200 2732 1219 2778 )
1248 2732 1334 2768 Non
1369 2729 1482 2768 solum
1511 2731 1606 2769 Cura
1633 2730 1686 2767 sui
1714 2755 1726 2776 ‚
1770 2726 1825 2764 sed
1869 2726 1930 2764 lex

106 2776 507 2834 mmlbusudestinatum
537 2805 547 2823 ‚
577 2780 615 2817 ἃ
642 2780 797 2817 alterum
830 2779 989 2817 feliciffi-
1042 2781 1250 2819 Honestatis
1285 2782 1329 2819 ad
1357 2782 1538 2819 Virtutem
1567 2786 1683 2830 Reges
1712 2778 1881 2825 impulit.

110 2839 211 2864 mum
243 2841 430 2876 pus,non
459 2843 501 2866 ex
530 2830 787 2879 Superstitione
815 2839 990 2870 noverunt
1093 2832 1113 2879 (
1145 2843 1161 2880 3
1192 2835 1211 2880 )
1249 2833 1425 2882 Intellige
1467 2834 1660 2881 opiniones
1699 2828 1864 2867 indutias
1901 2842 1924 2866 a

113 2876 286 2914 homines
305 2904 316 2922 ,
347 2877 405 2916 sed
435 2894 478 2938 ex.
506 2881 583 2930 ipsa
627 2882 762 2928 justitia
790 2911 802 2931 ‚
845 2896 922 2932 quae
961 2883 998 2919 in
1054 2885 1202 2921 Naturae
1229 2884 1405 2932 primaevae
1432 2882 1606 2932 legibus,
1648 2882 1684 2920 &
1730 2880 1927 2931 principiis

124 2930 203 2965 Deo
230 2929 302 2971 est3
330 2941 394 2968 nee
420 2931 506 2968 odio
525 2940 612 2980 ‚aut
640 2932 802 2975 humanae
830 2933 1001 2985 superbiae
1054 2934 1316 2986 abhorrentes,
