2284 3436
369 204 436 247 42
893 187 934 231 L
1014 184 1035 230 I
1117 185 1152 231 B
1234 186 1272 231 E
1353 186 1397 230 R

446 257 522 308 Sic
563 263 753 308 Numen
798 257 971 306 Mundi
1014 258 1206 306 cunf’tos
1246 255 1417 306 infudit
1457 253 1505 303 in
1548 259 1719 304 Attus.

442 334 489 383 Si
532 333 654 400 paria
698 332 775 380 hic
821 352 983 383 omnes
1025 336 1238 382 Fortunae
1279 337 1400 382 dona
1442 345 1681 390 tenerent,

445 413 557 458 Non
601 425 725 456 totus
764 407 967 460 rixarum
1008 408 1111 457 aestu
1149 408 1421 458 fervesceret
1465 407 1636 456 Orbis?

440 488 567 551 Ergo
612 502 738 549 aeque
779 486 973 534 cunffios
1011 484 1040 530 fi
1080 488 1185 531 Sors
1227 484 1522 547 amplectitur
1562 500 1683 539 una,
2030 489 2089 545 65

441 560 578 608 Haud
623 561 778 624 potuit
820 565 948 607 Deus
990 555 1194 604 externis
1234 556 1353 605 hanc
1398 557 1560 606 addere
1605 556 1788 607 Rebus·

438 639 651 683 Fortuna
691 636 865 682 incerta
910 631 1115 700 disponit
1152 649 1340 680 munera
1382 636 1535 699 Lege,

438 711 630 775 Hol'que
671 709 910 769 infelices,
954 709 1058 758 illos
1099 708 1341 772 redditque
1384 709 1577 774 beat083'

432 786 518 835 Ast
561 785 675 833 alios
715 785 888 852 sperare
932 785 1124 851 jubens,
1166 782 1373 849 aliosque
1408 784 1607 842 timere,

378 902 382 905 .
433 866 640 924 *Equum
681 860 721 908 se
761 862 877 927 justo
909 859 1065 927 prodit
1106 858 1356 908 libramine
1397 863 1610 908 Numen:
2028 872 2094 912 70

433 940 538 984 Nec
580 937 760 995 laetum,
806 953 883 984 aut
926 933 1100 984 tristem
1139 935 1216 982 dat
1256 933 1401 983 forma
1441 936 1653 994 Bonive‚
1697 929 1879 980 MaliVe

432 1012 704 1070 Praesentis,
748 1029 908 1060 verum
953 1012 1144 1068 melior,
1187 1011 1373 1076 pejorve
1414 1011 1614 1058 Futuri.

432 1086 561 1144 Qid
609 1103 721 1142 vos,
759 1085 1020 1150 Terrigenae
1050 1119 1067 1139 ,
1108 1084 1220 1147 quid
1267 1101 1452 1131 montes
1498 1084 1737 1131 montibus
1780 1082 1873 1129 alte

434 1158 669 1223 Impositis
710 1160 887 1207 iterum
922 1156 1117 1207 tentatis
1160 1155 1372 1206 scandere
1413 1157 1637 1208 Caelum?

421 1237 543 1282 Cum
584 1233 674 1282 risu
715 1237 906 1284 Numen
948 1231 1193 1284 conamina
1234 1250 1353 1281 vana
1401 1250 1589 1291 tuetur,
2017 1251 2079 1300 73

423 1311 485 1356 Et
528 1308 689 1358 stultos
728 1309 861 1375 jaffis
900 1308 980 1358 sub
1020 1307 1220 1358 molibus
1256 1309 1414 1358 obruit
1454 1308 1607 1358 ausus.

416 1383 628 1442 Discite,
670 1386 894 1452 quidquid
936 1385 1073 1434 habet
1115 1383 1351 1449 proprium
1383 1385 1462 1433 fibi
1502 1383 1692 1450 quisque
1732 1386 1996 1446 Bonorum,

428 1457 674 1524 Quidquid
716 1478 872 1508 amans
912 1460 1092 1509 cunetis
1140 1463 1296 1518 Deus,
1337 1462 1382 1507 &
1425 1463 1609 1508 Natura
1653 1459 1904 1520 dederunt,

421 1534 667 1599 Quidquid
691 1535 876 1585 *laetitiae
914 1537 1091 1597 Ratio,
1131 1533 1376 1600 Sensusque
1419 1535 1682 1584 ministrant
1720 1572 1738 1598 ,

419 1611 538 1658 Pace
586 1609 763 1669 animi,
804 1629 942 1677 parco
978 1611 1154 1668 ViE’tu,
1195 1609 1392 1675 sanoque
1449 1612 1597 1659 teneri
2014 1617 2080 1667 80

418 1687 654 1750 Corpore.
695 1686 813 1744 Sed,
854 1686 1038 1752 plenam
1079 1703 1186 1735 cum
1225 1685 1374 1733 servet
1411 1685 1503 1733 sola
1547 1685 1753 1735 Salutem

423 1759 684 1822 SobrietaS,
727 1765 824 1811 Pax
863 1778 962 1810 tota
1002 1778 1080 1810 tua
1121 1760 1182 1809 est
1219 1779 1339 1827 pax,
1380 1779 1411 1809 0
1452 1760 1571 1809 bona
1614 1764 1806 1811 Virtus.

415 1836 638 1901 Integer,
676 1851 810 1900 atque
852 1836 1011 1884 Malus
1049 1840 1269 1884 Fortunae
1307 1836 1425 1884 dona
1469 1837 1734 1902 capeffunt3

419 1915 487 1957 At
528 1909 680 1958 minus
722 1912 809 1959 hoc
850 1910 975 1973 illis,
1015 1930 1109 1978 quo
1146 1911 1274 1977 pejus
1311 1911 1499 1976 adepta,
1540 1910 1778 1960 fruuntur.

420 1984 571 2044 Quis,
612 1986 756 2051 quaeso
782 2022 795 2042 ,
838 1987 1002 2051 injusta
1028 2025 1041 2046 ,
1087 2005 1145 2034 an
1189 1987 1301 2052 justa
1346 1988 1426 2050 qui
1471 1986 1640 2052 nititur
1680 2002 1776 2035 arte
2011 1996 2069 2057 85

413 2059 628 2119 Gaudia,
672 2059 888 2125 Opesque
928 2060 1150 2127 sequens,
1194 2063 1340 2128 majus
1388 2060 1507 2109 subit
1547 2060 1656 2110 inde
1696 2061 1955 2128 periclum?

411 2132 525 2181 Utri
564 2152 859 2201 contemptus
902 2138 1029 2202 prior
1074 2138 1166 2195 est,
1213 2136 1414 2202 pietasve
1460 2138 1687 2195 merenti,

417 2208 604 2256 Virtuti
653 2212 849 2271 miserae,
892 2229 948 2260 an
991 2212 1158 2269 Vitio,
1201 2212 1272 2260 cui
1322 2213 1484 2261 cuneta
1526 2212 1785 2262 renident?

412 2285 661 2348 Congere,
698 2305 795 2352 quae
837 2288 986 2353 carpit
1021 2288 1211 2337 Vitium
1253 2287 1335 2336 fibi
1375 2289 1614 2337 commoda
1655 2288 1804 2351 felix,

408 2361 617 2408 Omnia:
654 2363 907 2430 dedignans
949 2382 1112 2430 nempe
1149 2365 1243 2412 haec
1287 2362 1407 2429 fugit
1450 2363 1608 2412 omnia
1657 2364 1854 2412 Virtus.
2004 2385 2071 2428 90

408 2433 545 2482 Adde
589 2437 741 2496 malo,
783 2456 1078 2504 quaecumque
1117 2439 1274 2506 cupit,
1316 2438 1432 2487 bona
1477 2438 1661 2505 Sorti83
1708 2457 1754 2489 at
1799 2439 1872 2488 illi

404 2511 566 2558 Unum
606 2510 780 2579 semper
818 2514 936 2571 erit,
981 2515 1104 2579 quod
1151 2515 1290 2576 defit,
1334 2519 1522 2564 Nomen
1563 2517 1791 2563 Honesti,

412 2585 568 2643 Quam
610 2605 748 2636 caecus
774 2626 787 2647 ,
832 2590 915 2636 diae
955 2608 1089 2655 quarn
1134 2592 1307 2640 nescius
1353 2590 1481 2638 Artis
1522 2591 1568 2638 in
1615 2592 1741 2640 Orbe
1783 2592 1877 2649 est,

408 2659 507 2719 Qui
550 2665 668 2711 ma'a
709 2665 889 2713 Virtuti
937 2667 1136 2727 tribuit,
1173 2668 1309 2715 fausta
1349 2666 1504 2714 omnia
1547 2667 1732 2732 Culpae!

406 2734 505 2795 Qui
549 2738 703 2798 videt,
746 2742 791 2786 ὃς
831 2757 966 2788 tantae
1008 2744 1171 2791 melius
1215 2743 1254 2791 se
1298 2744 1617 2791 accommodat
1656 2739 1801 2798 Arti,
1985 2759 2051 2808 95

401 2813 533 2858 Ante
573 2812 692 2860 alios
731 2813 869 2874 felix,
910 2835 1007 2881 quae
1047 2819 1100 2867 fit
1143 2824 1245 2868 Sors
1291 2819 1527 2886 prospera,
1569 2815 1730 2866 novit.

401 2888 470 2933 At
511 2888 666 2936 Stulto
707 2887 869 2938 infelix
914 2893 1001 2941 Vir
1042 2896 1216 2944 Rectus
1256 2894 1427 2943 dicitur
1471 2911 1588 2960 unus

1903 2967 1980 3017 Ob
