2284 3436
620 133 682 190 Q
743 132 790 177 U
868 134 915 178 A
993 134 1040 178 R
1119 134 1166 178 T
1246 137 1292 180 U
1370 139 1426 185 S.

278 213 375 259 Res
417 224 506 256 una
548 211 757 254 Heroes:
802 205 970 254 Pellaeo
1011 205 1067 252 ab
1112 209 1241 272 Rege
1283 208 1420 257 secuti

275 284 433 349 Usque
459 282 514 330 ad
542 286 736 330 Suecum
764 284 781 348 (
818 299 836 330 1
871 280 889 344 )
917 296 1080 330 omnes
1102 280 1343 348 lymphata
1375 302 1534 334 mente
1563 288 1801 345 feruntur.
1830 314 1931 349 220

275 364 461 426 Nempe
503 358 590 406 hoc
633 356 918 423 propositum
958 357 1019 405 est
1051 358 1185 419 illis,
1227 358 1314 407 hoc
1357 360 1459 409 vita
1501 379 1721 425 tenetur,

269 439 340 484 Ut
382 435 497 493 fint,
536 432 608 481 vel
649 431 832 482 cuncffis
871 431 984 482 fiant
1023 435 1309 483 Mortalibus
1357 438 1552 498 Hostes,

268 512 409 559 Haud
448 508 783 575 respeaantes,
825 508 900 556 sed
944 509 1131 575 longius
1172 510 1307 575 usque
1350 530 1587 577 petente3‚

274 586 407 646 Quin
451 581 609 633 tamen
649 583 904 634 extendant
942 583 1060 631 ultra
1104 586 1292 652 vestigia
1334 587 1481 637 visus.

269 664 374 710 Nec
415 659 576 726 primis
616 662 749 709 Aulae
795 675 921 706 mens
962 657 1024 705 est
1061 657 1235 706 diversa
1283 661 1546 713 Ministris:
1822 690 1920 735 223

271 736 427 785 Astuti
468 735 877 800 circumspiciunt,
920 750 1245 801 momentaque
1285 735 1333 784 in
1374 737 1507 787 horas

268 812 481 860 Fallendi
526 813 740 860 incautos
777 804 1009 875 captant,
1049 810 1256 877 justoque
1299 830 1504 864 carentes

266 886 478 935 Consilio
519 885 714 935 infirmis
761 884 962 934 aliorum
1005 884 1184 935 viribus
1224 887 1428 939 instant.

262 961 348 1009 Ast
385 967 535 1011 Heros
571 962 731 1011 vincat
773 961 979 1028 semper,
1023 961 1251 1028 fallatque
1290 965 1548 1016 Minister:

258 1039 401 1086 Anne
443 1038 547 1086 ideo
585 1038 756 1103 Magni
795 1037 1063 1086 sceleratum
1107 1040 1319 1088 Nomine
1363 1041 1565 1093 donem?
1822 1069 1927 1114 230

263 1112 342 1158 Fit
384 1114 527 1180 magis
572 1111 821 1178 insipiens,
863 1113 983 1161 mala
1024 1129 1162 1178 quem
1204 1115 1405 1164 Solertia
1447 1118 1604 1180 ducit,

259 1188 506 1253 Quemque
546 1186 702 1235 insana
746 1187 866 1255 regit
904 1188 1100 1248 Vir,tus
1137 1191 1285 1256 magis
1328 1191 1564 1257 improbus
1605 1198 1763 1267 audit3

260 1266 360 1319 At,
402 1264 481 1328 qui
521 1261 748 1330 legitimis
789 1261 908 1327 petit
949 1264 1148 1312 Artibus
1188 1265 1397 1326 inclyta,
1437 1270 1484 1316 ὅ(
1528 1271 1648 1320 ultro

261 1337 446 1386 Cedens
489 1338 719 1387 Exfilium
761 1337 912 1396 ridet,
954 1338 1218 1404 striE’casque
1258 1344 1492 1403 Catenas,

262 1414 527 1462 Antoninus
570 1415 639 1462 uti
680 1430 866 1480 regnet,
912 1414 991 1461 vel
1031 1414 1233 1464 Socratis
1272 1434 1373 1465 atro
1822 1447 1916 1494 235

254 1488 490 1537 Concidat
533 1488 756 1547 interitu,
802 1487 918 1536 mihi
957 1490 1163 1555 Magnus
1205 1490 1383 1540 scilicet
1422 1492 1519 1543 Hic
1560 1499 1656 1547 est.

260 1565 406 1611 Fama
448 1562 560 1629 quid
601 1563 700 1611 est?
741 1563 940 1612 mendax
980 1563 1134 1614 alieno
1175 1564 1224 1614 in
1265 1567 1447 1632 peffiore
1487 1570 1630 1630 Vita,

256 1640 352 1685 Res
390 1639 539 1724 ipsum
579 1656 684 1688 ante
722 1639 909 1689 obitum
949 1639 1086 1689 nobis
1131 1641 1421 1709 longinqua,
1463 1642 1677 1715 nihilque

255 1715 424 1762 Praeter
466 1717 515 1763 in
558 1733 663 1764 aure
703 1715 895 1775 sonum,
936 1712 1019 1781 qui
1065 1732 1109 1765 te
1151 1717 1235 1766 nifi
1276 1736 1466 1788 tangat,
1504 1724 1699 1786 eodem,

255 1791 327 1835 Ac
367 1790 566 1846 Cicero,
608 1789 809 1855 accipies
850 1790 1018 1855 linguae
1062 1793 1299 1841 Praeconia
1340 1795 1498 1844 sensu.
1823 1822 1925 1865 240

256 1862 501 1928 Quidquid
544 1864 715 1912 Laudis
756 1865 924 1924 habes,
977 1883 1122 1931 parvo
1167 1869 1292 1932 quod
1337 1870 1479 1935 coepit
1527 1871 1666 1922 amici

262 1939 460 1987 Ordinis
502 1944 526 1988 a
568 1956 724 1998 coetu,
770 1958 849 2005 per
890 1957 1058 2006 paucos
1098 1941 1263 1991 definit
1307 1945 1486 2001 hostes,

248 2018 313 2064 Et
353 2033 578 2080 quantum
621 2015 716 2076 est,
752 2014 942 2082 reliquis
984 2017 1103 2066 nihil
1148 2018 1235 2077 est,
1281 2019 1364 2067 nili
1407 2020 1586 2086 fumuS,
1629 2026 1675 2073 &
1714 2029 1918 2094 umbra,

254 2092 496 2158 Eugenius
538 2090 712 2158 patiter
752 2091 942 2153 vivens,
984 2111 1036 2142 ac
1075 2094 1227 2142 Caesar
1267 2096 1534 2163 ademptus,

244 2166 446 2215 Fullerit
490 2169 578 2215 illo
618 2186 745 2226 aevo,
789 2167 862 2215 vel
904 2169 953 2216 in
993 2167 1074 2216 illa
1116 2169 1154 2218 is
1196 2170 1368 2238 fulgeat
1394 2190 1502 2232 ora,
1818 2197 1915 2245 245

248 2241 324 2289 Ad
365 2240 630 2291 Rubiconis
670 2261 836 2310 aquas,
880 2244 954 2291 vel
997 2244 1103 2293 laeto
1141 2246 1191 2293 in
1236 2249 1440 2314 margine
1479 2249 1666 2300 Rheni.

248 2316 453 2367 vividus
495 2320 684 2386 ingenio
727 2337 844 2388 vaga
886 2320 1124 2386 plumula‚
1172 2322 1294 2370 triste
1336 2325 1569 2390 flagellum

251 2397 395 2454 Dux,
435 2413 482 2443 at
526 2396 698 2445 divinae
736 2397 946 2462 praestans
989 2401 1122 2464 Opus
1161 2400 1272 2447 artis
1313 2402 1573 2450 HonestuS.

248 2470 441 2516 Nomen
485 2471 537 2518 ab
579 2471 773 2521 interitu
814 2471 1084 2523 sceleratum
1127 2475 1291 2523 tollere
1334 2494 1513 2526 tantum

241 2544 385 2590 Fama
429 2547 604 2609 potest,
649 2564 812 2613 corpus
856 2565 936 2595 ceu
977 2550 1076 2596 Lex
1119 2551 1237 2615 rapit
1278 2553 1368 2615 ipsa
1408 2552 1650 2617 sepulcro,
1810 2570 1915 2618 230

250 2621 406 2676 Cum,
447 2619 527 2667 fibi
570 2622 692 2685 quod
732 2638 944 2688 poterant
987 2622 1182 2672 Oblivia
1226 2626 1431 2690 poscere,
1473 2627 1573 2678 Soli

240 2695 516 2760 Expositum
559 2697 770 2746 humanae
813 2713 966 2763 portat
1005 2699 1221 2767 contagia
1259 2702 1439 2750 Genti.

1789 163 1855 209 47

1723 2782 1841 2842 Quae

157 2951 178 2998 (
208 2962 223 2987 1
251 2950 271 2998 )
300 2947 355 2988 Ad
381 2948 555 2989 Carolum
583 2953 664 2991 xil.
692 2951 829 3004 Regem
856 2951 1015 2993 Sueciae.
