2284 3436
660 138 706 186 C
785 142 833 189 A
909 140 957 188 R
1036 138 1096 187 M
1173 135 1201 184 Ῑ
1280 136 1330 183 Ν
1407 135 1483 180 Α.
1799 147 1870 198 99

281 221 399 269 Ecce
445 215 532 266 tibi
572 212 732 263 solitos
776 230 976 263 moerens
1019 227 1156 280 negat
1201 206 1295 273 ipsa
1337 205 1541 271 liquores

438 289 677 346 Fundere,
719 291 765 338 δε
803 290 851 338 in
893 288 1056 337 mediis
1097 284 1251 335 deficit
1293 298 1405 331 urna
1448 278 1606 328 vadis,
1868 297 1940 342 40

287 366 439 435 Cinge
477 383 588 433 age,
628 365 738 430 quid
779 364 942 414 cessas?
984 362 1114 411 ferali
1159 361 1294 427 cinge
1338 355 1543 422 cupressu

439 447 698 506 Tempora,
743 444 787 489 8<
827 439 1002 489 affiduis
1040 437 1223 487 fletibus
1265 450 1347 483 ora
1389 431 1539 497 rigans

289 518 446 568 Volve
489 534 666 565 memor
705 515 1084 580 tecum,·quod‚
1125 518 1270 563 Bruto
1312 506 1549 569 Consule,
1589 518 1736 571 poenae

436 591 611 641 Vidisti
652 592 860 642 attonito
899 591 1075 639 lumine
1111 587 1281 656 grande
1329 582 1480 633 nefas.

775 777 971 857 Cursus
1009 777 1271 853 Astrorum
1300 815 1316 834 .

846 938 916 1005 o
954 905 957 907 ’
1003 932 1080 1000 D
1173 928 1286 999 E.

145 1107 428 1253 LOnge
470 1127 679 1162 tuentem
725 1110 940 1179 porrige,
981 1105 1164 1176 porrige

326 1192 500 1248 Nunc,
543 1187 708 1249 Musa,
752 1185 917 1235 nostris
955 1182 1211 1233 luminibus
1249 1176 1476 1236 Tabam,

375 1266 487 1323 Quo
529 1262 672 1311 dissui
714 1261 908 1310 miracla
947 1258 1076 1318 caeli,

409 1341 475 1387 Et
518 1338 696 1404 superas
735 1335 976 1403 specularis
1019 1348 1169 1381 arceS.

300 1411 635 1462 Interminatos
674 1412 762 1461 fert
802 1412 981 1460 animus
1020 1406 1140 1480 mihi

294 1487 508 1537 Lustrare
550 1489 718 1549 calles,
756 1487 872 1536 lucis
914 1488 961 1536 δε
998 1482 1140 1534 infito

369 1563 576 1629 Fulgore
622 1563 869 1612 candentes
910 1560 1060 1622 tueri,

407 1642 570 1702 Atque
616 1657 757 1706 vagas
793 1656 872 1704 per
909 1637 1043 1685 inane
1083 1629 1255 1681 stellas·

294 1711 466 1771 Qualis
506 1713 687 1779 patenti
730 1712 882 1779 prodit
921 1712 970 1760 in
1011 1708 1180 1760 aethere

301 1787 506 1836 Caelestis
551 1788 685 1836 Ordo
726 1788 932 1835 militiae!
973 1785 1115 1833 maris
1895 1789 1957 1823 10

369 1862 586 1910 Vincunt
625 1880 783 1911 arenas
825 1860 1118 1910 circumaStae

412 1936 622 1985 Orbibus
665 1937 923 1986 innumeris
966 1936 1209 1985 cohortes.

301 2014 458 2073 Quam
497 2014 646 2062 multa
685 2013 836 2078 passirn
877 2010 1026 2060 millia
1067 2004 1385 2075 promicant,'

304 2087 592 2154 Falluntque
635 2088 780 2140 visus!
822 2105 961 2153 quam
1004 2083 1150 2134 stabili
1189 2080 1354 2131 omnia

375 2164 522 2210 Motu
564 2162 798 2210 feruntur!
841 2178 960 2227 quot
1001 2159 1152 2209 coazffi
1411 2186 1414 2189 ¹
1894 2167 1953 2213 Ι5

417 2236 726 2285 Multimodis
763 2237 1079 2304 glomerantur
1118 2231 1282 2300 Ignes!

297 2313 456 2361 Cerno
496 2313 738 2373 Planetas,
783 2330 922 2361 cerno
960 2309 1194 2360 Satellites

298 2387 490 2444 Junaos
532 2386 744 2437 Planetis
781 2388 828 2436 &
869 2387 1074 2444 trahere,
1115 2386 1161 2434 δε
1202 2379 1352 2444 trahi,

372 2466 442 2512 Et
482 2462 582 2530 lege
624 2463 918 2511 transformes
959 2460 1148 2528 perenni

419 2539 477 2584 In
514 2536 704 2602 liquidis
745 2554 986 2604 properare
1027 2533 1227 2600 campis.
1561 2559 1564 2561 Α
1893 2539 1958 2571 20

305 2616 376 2661 Ut
418 2611 593 2677 semper
631 2611 754 2660 intra
790 2611 1055 2679 signiferum
1097 2609 1262 2658 volant

307 2686 518 2746 Orbem,
557 2704 644 2735 nec
685 2686 795 2735 anni
837 2685 1098 2735 transiliunt
1140 2684 1271 2741 vias,

373 2767 571 2813 AEterna
610 2761 836 2811 nimirum
875 2776 1083 2809 verentes

424 2839 542 2896 Juffa
580 2835 646 2887 sui
691 2837 867 2887 violare
908 2836 1078 2905 Regis!

1927 1422 1950 1467 υἱ

1217 2910 1270 2959 N
1353 2925 1384 2958 21
1801 2893 1890 2946 Ille
