2284 3436
628 124 688 180 Q

755 119 1439 167 UARTUS.

1787 134 1851 183 43

283 196 361 246 Ob
403 195 555 256 mala,
597 195 672 243 vel
716 195 870 251 casuS,
912 190 1081 258 quibus
1119 189 1280 239 omnia
1318 187 1424 254 saepe
1465 189 1704 239 laborant.

278 270 448 337 Aspice
489 270 742 320 Falklandi
790 272 806 336 (
850 287 867 316 1
905 269 921 333 )
963 283 1164 317 mortem
1202 264 1396 313 Virtute
1438 263 1656 311 micantis

282 343 661 414 Omnigena‚-:&
689 346 814 394 diurn
848 346 1107 394 Turi-enam
1151 344 1167 410 (
1202 342 1264 410 2)
1296 339 1346 388 in
1377 339 1564 406 pulvere
1598 339 1811 399 stratum,
1843 359 1941 390 100

279 421 612 489 Sidnejumqfue·
651 425 668 490 (
702 441 723 483 3
758 422 774 485 )
816 436 1137 470 cruentantem
1177 417 1271 466 fera
1312 414 1464 483 praelia
1504 413 1704 462 Martis.

277 499 474 557 Virtus,
520 500 621 547 nrm*
658 499 782 545 Vitae
823 498 910 544 huc
951 496 1060 545 illos
1104 494 1417 558 Contemptus
1457 490 1654 557 adegit?

278 573 408 631 Dic,
451 590 528 622 tua
568 593 678 623 nurn
721 573 918 630 VirtuS,
960 589 1050 636 qua
1092 588 1186 616 non
1231 570 1336 616 data
1376 584 1563 614 munere
1602 564 1720 614 Caeli

275 649 466 714 Major,
509 666 582 709 te,
627 648 774 716 Digbi
814 649 830 712 (
872 642 979 709 4),
1023 643 1210 702 mersit,
1251 640 1529 699 miserande,
1571 638 1817 705 sepulcro?

281 728 537 783 Cur-nam,
589 726 620 774 fi
661 727 822 772 Virtus
865 721 1067 769 animam
1109 723 1244 768 Nato
1283 716 1500 777 abstulit,
1543 714 1701 774 annis,

1840 735 1932 780 105

278 802 343 847 Et
385 800 562 849 meritis
601 801 741 866 pleno
780 797 903 846 Vitae
945 799 1052 846 data
1092 794 1226 861 copia
1272 792 1439 842 Patri?

278 877 407 935 Cur,
448 875 631 935 Natura
673 892 818 942 aegra,
860 876 905 922 8<
946 888 1141 922 mortem
1189 868 1465 936 spirantibus
1504 864 1714 927 Austris,

277 950 683 1019 Marfiliae¹·p‘uras-
718 950 874 1000 Pastor
919 950 1062 997 bonus
1107 950 1125 1016 (
1158 963 1182 1011 5
1216 946 1232 1011 )
1273 943 1417 993 ebibit
1457 945 1626 990 auras?

281 1028 458 1075 Cur-ve
501 1032 669 1076 Parens
718 1029 734 1092 (
771 1024 849 1090 6)
894 1026 1089 1092 longum
1135 1023 1199 1088 (fi
1227 1021 1419 1088 longum
1457 1034 1639 1083 tempus
1681 1015 1938 1067 habentium

275 1100 354 1147 Est
398 1102 505 1150 vitae
547 1102 574 1166 )
609 1121 632 1150 a
673 1101 804 1150 Caelo
845 1099 1138 1164 miserisque,
1173 1096 1385 1162 mihique
1431 1093 1723 1153 relicta-est?

276 1176 391 1233 Quae
432 1179 552 1225 mala
594 1181 810 1233 Naturae,
838 1178 951 1239 'quae
994 1179 1187 1223 Morum
1227 1172 1367 1219 reris?
1412 1170 1589 1218 aberrat

274 1249 434 1299 Devia
475 1270 637 1318 nempe
680 1250 782 1298 illic
824 1252 1036 1309 Natura,

278 1327 420 1375 Haud
461 1328 587 1376 Mala
628 1327 707 1376 dat
747 1324 870 1393 (7)
913 1328 1132 1374 Numen:
1172 1324 1204 1372 fi
1242 1323 1368 1372 recle
1408 1317 1604 1391 percipis
1630 1354 1644 1377 ‚
1684 1320 1763 1367 uni

275 1403 394 1460 Quae
435 1405 568 1452 Mala
608 1403 913 1469 contingunt,
959 1401 1120 1450 videas
1161 1394 1654 1454 communia'cunfflis

270 1475 373 1525 Effe
413 1482 569 1540 Bona,
615 1482 661 1527 3<
702 1476 884 1526 vicibus
927 1479 1118 1525 Naturae
1157 1476 1327 1524 elabier
1364 1473 1497 1539 ipfis,

273 1552 425 1615 Rara,
467 1553 725 1619 brevisque
752 1571 918 1614 morae,
960 1552 1067 1601 dum
1110 1552 1229 1599 fraus
1270 1550 1472 1598 humana
1511 1546 1713 1595 ferebat.

275 1629 400 1686 Tam
439 1630 570 1678 recte
604 1628 734 1678 nobis
777 1629 959 1677 Caelum
1001 1626 1200 1678 incusare
1239 1625 1428 1685 liceret,

276 1704 447 1757 Justum
494 1707 615 1772 quod
655 1710 868 1754 Fratrem
908 1703 1172 1771 percusserit
1211 1703 1278 1752 ira
1320 1698 1491 1757 Caini,

283 1783 439 1838 Qam
481 1780 604 1844 quod
646 1780 890 1844 conspicua
935 1785 1090 1828 Natus
1134 1778 1339 1834 virtute,
1382 1773 1592 1824 Parentis
1642 1806 1678 1814 ⁷.

275 1855 465 1903 Lascivi
506 1854 604 1902 dira
645 1870 878 1918 correptus
921 1853 1020 1901 tabe
1064 1865 1318 1903 voretur.⁴

272 1930 518 1979 AEternarn
559 1947 675 1977 anne
716 1928 805 1977 suis
847 1928 1043 1976 Causam
1088 1944 1352 1995 pervertere
1394 1928 1569 1992 Leges,
1613 1920 1737 1989 (ὃ)
1794 1945 1797 1947 >

274 2005 504 2072 Principis
543 2005 708 2073 abjecti
754 2004 848 2053 ritu
873 2041 885 2063 ‚
927 2023 1011 2053 nos
1055 2023 1206 2053 remur
1247 2000 1456 2051 Amicis?

177 2210 198 2256 (
228 2221 243 2246 1
277 2208 297 2255 )
334 2192 590 2244 vice-Comes'
611 2205 654 2242 de
692 2204 873 2242 Falkland
914 2204 1006 2253 Regi
1040 2195 1045 2200 ’

126 2261 265 2298 Carolo
294 2261 361 2296 La
390 2258 564 2306 secretis,
592 2257 655 2293 Vir
683 2257 834 2305 antiqua
868 2256 1007 2303 simpli-

125 2311 267 2360 citate,
296 2309 512 2358 integritate
530 2335 542 2354 ,
571 2308 830 2353 humanitate,
859 2305 1010 2344 fortitu-

124 2362 233 2410 dine,
265 2361 438 2411 ingenio,
467 2359 679 2407 eloquentia
705 2387 717 2406 ‚
759 2359 797 2396 δι
824 2357 1007 2395 facilitate

126 2425 267 2451 morum
299 2413 463 2461 praestans
482 2438 493 2457 ‚
521 2412 604 2447 dum
637 2423 701 2458 pro
730 2413 829 2459 Rege
848 2438 859 2456 ‚
888 2410 924 2447 δι
942 2412 1025 2447 Pet--

128 2465 201 2501 tria
229 2472 355 2502 contra
385 2463 539 2499 rebelles
577 2463 753 2511 pugnaret
783 2489 796 2508 ,
832 2461 869 2497 in
908 2460 1006 2498 bello

128 2515 284 2565 triginta
311 2514 349 2551 &
375 2521 449 2550 tres
474 2513 587 2550 annos
614 2521 720 2549 natus
746 2511 885 2549 occisus
913 2512 982 2549 esti

178 2568 267 2613 (2)
295 2569 349 2602 De
378 2563 547 2601 Turi-ena
572 2563 660 2601 satis
699 2563 891 2611 magnifice
920 2575 1009 2610 prae-

137 2615 277 2654 dicavit
302 2617 338 2653 in
366 2616 545 2652 Oratione
575 2615 713 2651 funebri
746 2614 933 2651 Flechier.

181 2670 201 2716 (
230 2682 248 2718 3
280 2669 299 2716 )
328 2667 517 2716 Philippus
561 2666 720 2710 Sidnejus
761 2674 923 2703 mortuus
963 2665 1009 2702 est

131 2730 176 2755 ex
202 2719 347 2757 vulnere
380 2719 418 2756 in
445 2719 572 2768 praelio
615 2717 784 2754 adversus
825 2716 1029 2768 Hispanos‘

131 2780 306 2821 accepto,
346 2772 504 2816 juvenis
547 2771 565 2816 (
594 2777 633 2806 ut
659 2768 862 2806 cambdeni
891 2767 1010 2805 verbis

129 2831 209 2856 utar
238 2824 256 2868 )
284 2823 420 2860 virture
449 2823 601 2870 eximia,
630 2821 768 2867 ingenio
792 2819 1010 2867 splendidis-

125 2871 211 2917 fimo
232 2898 242 2916 ,
270 2874 379 2920 polita
406 2875 558 2912 oratione
575 2901 586 2922 ‚
618 2870 835 2920 moribusque
859 2870 924 2918 sua
935 2871 1009 2921 ws-

125 2920 227 2966 ſsmis
248 2950 255 2959 .

1840 1111 1855 1140 Ῐ
1880 1113 1891 1139 I
1910 1113 1940 1144 O

1079 1247 1156 1297 hic
1197 1247 1345 1296 nostra
1387 1245 1648 1303 Voluntas.

1836 1491 1853 1522 1
1874 1491 1890 1523 1
1907 1490 1929 1535 3

1840 1869 1853 1896 1
1873 1869 1939 1900 20

1195 2081 1235 2126 F
1318 2097 1345 2129 2.
1733 2080 1865 2126 Num

1111 2205 1131 2250 (
1158 2217 1184 2251 4
1210 2205 1229 2251 )
1257 2201 1439 2240 Robertus
1465 2199 1622 2250 Digbius
1651 2201 1837 2247 exemplar
1852 2199 1941 2237 ado-

1061 2253 1276 2292 lescentibus
1291 2253 1337 2290 ad
1358 2252 1577 2290 imitandum
1608 2251 1911 2300 praeclariffimum
1927 2277 1939 2297 ‚

1062 2314 1102 2343 ut
1141 2313 1244 2354 patet
1282 2317 1325 2341 ex
1362 2303 1556 2354 epitaphio
1595 2302 1701 2350 huJus
1748 2302 1888 2347 juvenis
1916 2314 1937 2338 a

1061 2358 1174 2405 Popio
1203 2355 1430 2404 conscripti.

1111 2409 1137 2455 (a
1161 2417 1177 2453 ς
1207 2410 1226 2456 )
1255 2407 1435 2458 Henricus
1464 2404 1594 2443 Xavier
1621 2406 1664 2443 de
1692 2405 1861 2443 Belsuuce
1890 2406 1938 2440 E-

1061 2459 1229 2509 piscopus
1269 2458 1505 2496 Marfiliensss
1532 2469 1552 2493 a
1591 2458 1681 2507 peste
1706 2455 1840 2500 ,illaesus
1870 2453 1939 2490 ser-

1061 2518 1165 2548 vatus
1190 2512 1239 2548 est
1257 2530 1273 2549 .·
1447 2548 1451 2551 ,
1653 2548 1659 2551 s

1114 2562 1133 2608 (
1161 2563 1232 2612 62)
1261 2563 1380 2598 Mater
1408 2564 1525 2600 Poetae
1552 2556 1659 2603 nqstri
1690 2560 1788 2598 clara
1819 2555 1939 2592 Pieta-

1017 2648 1023 2652 .
1062 2619 1099 2650 te
1129 2615 1447 2662 ergal‘auperes.

1112 2664 1133 2711 (
1158 2678 1179 2712 7
1206 2666 1364 2712 >Origo
1388 2660 1484 2703 Mali
1516 2659 1724 2706 Mysterium
1753 2646 1797 2696 est
1815 2656 1950 2705 ,riquod„

1063 2715 1191 2763 nulla,
1221 2716 1287 2752 nisi
1315 2714 1515 2751 Christiana
1542 2711 1720 2760 Religio,
1750 2708 1932 2760 pateface-

1063 2779 1100 2804 re
1114 2768 1459 2867 (p‘gtgstssliquando
1487 2826 1610 2852 tamen
1649 2826 1710 2861 per
1751 2809 1946 2854 Miraeuta‘·

1061 2882 1272 2909 communes
1301 2873 1414 2919 Leges
1442 2873 1629 2905 mutantur
1643 2892 1663 2913 ·.
