2284 3436
345 184 407 241 36
909 171 950 217 L
1031 171 1055 217 1
1130 170 1168 215 B
1245 170 1285 217 E
1361 171 1407 215 R

405 258 454 302 A
493 252 626 299 Patre
670 248 718 297 in
764 250 947 296 Patrem
986 261 1176 293 manans
1219 244 1360 310 longo
1403 238 1565 290 ordine
1603 237 1755 295 fudit,

405 326 542 375 Unde
586 323 761 391 Opifex
804 320 952 388 Operi
994 321 1162 368 distans
1202 336 1302 368 erat
1343 316 1552 384 agnitus,
1599 330 1735 378 atque

402 403 546 450 Nuda
588 405 741 449 Deum
782 397 928 446 Ratio
974 413 1207 461 nunquam
1245 411 1336 441 non
1377 391 1559 441 viderat
1596 391 1781 436 Unum:

405 482 565 537 Ante,
607 474 793 540 obliqua
836 472 962 540 jubar
1002 489 1138 535 quam
1181 469 1252 516 vis
1290 470 1306 533 (
1341 487 1359 519 1
1398 467 1414 531 )
1456 465 1754 531 infringeret,
1790 459 1876 509 effe
1953 474 2048 523 ²35

407 549 617 612 Omnia,
663 566 713 597 ut
755 548 844 614 ipse
886 546 1092 610 Opifex,
1132 540 1353 589 Mortalis
1394 541 1517 586 reffla
1555 540 1774 595 videbat,

407 630 584 691 Perque
622 622 895 688 Voluptatis
934 620 1100 667 Virtus
1140 631 1237 664 erat
1278 614 1416 661 obvia
1456 612 1625 670 calles,

408 704 561 765 Inque
605 703 713 747 Deo
743 695 924 745 facilem
967 709 1100 741 norat
1138 690 1219 737 fibi
1263 687 1452 754 quisque
1496 690 1764 736 parentem.

399 775 572 823 Omnis
613 781 789 823 Amore
830 770 967 819 Fides
1010 768 1149 816 stabat
1182 803 1194 825 ,
1235 763 1517 829 Cultusque,
1561 778 1646 809 nec
1689 761 1835 808 ullum

396 851 584 898 Divino
625 848 816 915 agnovit
856 844 1110 894 Mortalem
1152 845 1255 898 Jure
1298 854 1532 906 potentem
1947 854 2055 900 240

402 930 619 984 Natura,
662 940 739 977 aut
781 921 941 970 timuit
982 919 1061 967 fibi
1102 918 1348 983 quicquam
1390 915 1445 961 ab
1485 909 1731 972 Numine,
1771 914 2010 960 Summum

405 1000 504 1049 Effe
546 1006 726 1050 Bonum
767 998 985 1053 credens,
1028 992 1101 1041 cui
1145 1009 1294 1040 rerum
1338 989 1510 1037 summa
1551 986 1780 1035 Potestas·

405 1076 529 1125 Vera
568 1074 705 1122 Fides
747 1090 861 1119 verae
905 1066 1094 1132 Imperii
1139 1066 1178 1113 se
1219 1068 1430 1130 junxerat
1472 1060 1614 1125 Arti3

397 1148 488 1197 Illa
530 1147 655 1206 Dei,
699 1143 818 1192 Haec
859 1141 1081 1190 Hominis
1125 1138 1164 1186 se
1206 1137 1247 1185 se
1288 1137 1534 1184 ostentarat
1575 1138 1780 1183 Amore.

399 1226 521 1282 Quis
562 1220 720 1292 docuir
761 1219 909 1267 servas
952 1215 1180 1271 Animam,
1222 1215 1265 1260 8<
1312 1211 1486 1278 perdita
1527 1213 1722 1275 Regna,
1949 1233 2048 1279 243

402 1299 503 1347 Effe
544 1296 625 1346 uni
669 1295 816 1360 plures
858 1291 1103 1340 monstrosa
1145 1291 1268 1356 Lege
1312 1303 1517 1346 creatos,

394 1379 516 1440 Lege
558 1371 773 1437 superba,
810 1385 994 1418 omnem
1033 1370 1264 1415 Naturam
1307 1363 1471 1411 tollere
1517 1375 1654 1420 nata,

399 1455 468 1500 Et
511 1446 744 1498 Mundum
786 1463 942 1504 ruere,
988 1444 1032 1489 ὃς
1075 1439 1229 1505 primae
1269 1437 1310 1485 se
1348 1454 1578 1503 opponere
1618 1433 1807 1483 Causae?

402 1524 495 1574 Vis
537 1523 733 1589 primum
779 1520 938 1585 vicit3
979 1516 1104 1564 dedit
1145 1516 1249 1562 hinc
1293 1512 1505 1560 ViHoria
1549 1513 1758 1576 Legem3

398 1600 515 1651 Inde
557 1595 830 1662 Superstitio
872 1591 1036 1639 invasit
1079 1606 1245 1637 terrore
1286 1586 1532 1648 Tyranni,
1578 1588 1652 1648 (2
1688 1585 1705 1645 )
1948 1608 2053 1651 250

401 1674 498 1725 Cui
541 1671 650 1721 tulit
691 1670 943 1726 auxilium,
984 1665 1156 1730 partita
1195 1662 1480 1725 Tyrannidis
1521 1659 1681 1716 ausus,

400 1750 733 1812 Viuoremque
774 1749 929 1794 Deum
968 1740 1107 1798 feeit,
1155 1739 1425 1803 servumque
1469 1733 1736 1801 Popellum‚

401 1826 492 1876 Illa
531 1822 812 1871 coruscantes
853 1819 976 1865 inter
1015 1833 1112 1863 tum
1153 1813 1343 1880 fulguris
1384 1812 1539 1877 ignes,

398 1905 462 1950 Et
502 1896 724 1963 crepitum
767 1892 999 1950 tonitrus,
1042 1887 1305 1953 montesque
1348 1903 1542 1934 tremore
1584 1882 1824 1947 labanteS,

398 1982 465 2026 Et
503 1978 657 2021 Terrae
698 1969 955 2038 gemitum,
996 1964 1214 2013 Timidos
1259 1962 1299 2010 se
1343 1961 1534 2008 sternere
1576 1959 1757 2025 adegit,
1951 1978 2045 2023 253

399 2055 464 2098 Et
502 2051 663 2095 Fortes
707 2048 963 2109 Magnam,
1009 2037 1215 2087 Invisam
1255 2036 1369 2083 Vim
1411 2034 1587 2099 poscere
1630 2032 1791 2081 votis²

404 2126 495 2173 Illa
534 2123 616 2170 illa
659 2118 842 2167 excuffo
882 2115 1038 2165 Divos
1080 2111 1348 2161 descendere
1388 2111 1517 2157 Caelo

398 2201 552 2257 Juffir,
593 2198 638 2243 δε
680 2193 875 2243 Infernis
921 2194 1139 2238 Lemures
1179 2188 1219 2235 se
1252 2186 1414 2235 tollere
1456 2185 1510 2232 ab
1549 2182 1726 2241 antris,

336 2282 340 2285 ’
398 2271 631 2338 Dirasque
675 2269 748 2317 hic
790 2267 940 2324 sedeS,
984 2264 1085 2313 illie
1128 2262 1326 2327 fixitque
1369 2261 1553 2318 beataS,

403 2349 468 2399 Et
509 2345 688 2396 Genios
725 2346 923 2391 Terrore
968 2340 1144 2397 malos,
1183 2343 1269 2403 Spe
1310 2334 1517 2383 Numina
1556 2331 1697 2389 fecit,
1947 2332 2052 2382 260

402 2423 616 2473 Numina
657 2420 799 2467 tragica
842 2414 1185 2480 Cupidinibus,
1227 2411 1462 2475 studioque
1505 2408 1736 2474 maligno,

400 2496 668 2548 ,inconstans
709 2511 879 2560 genus,
925 2491 1164 2556 injustum,
1207 2486 1533 2549 rabidumque,
1577 2483 1826 2547 salemque„

405 2574 557 2633 Quale
597 2570 674 2617 fibi
719 2568 834 2616 viles
877 2566 1060 2615 Animae
1100 2564 1298 2619 finxere,
1343 2560 1496 2623 suique

406 2648 513 2699 {llic
556 2644 727 2713 ingenii
768 2642 1022 2709 specstantes
1061 2640 1182 2688 fagia
1221 2637 1475 2700 Tyranni»,

1865 2709 1979 2755 Non

307 2873 324 2916 ζ
360 2891 371 2909 1
403 2872 422 2918 )
453 2873 654 2917 Antequam
686 2880 804 2915 pravae
847 2865 1037 2914 opiniones
1063 2876 1122 2902 ac-
1176 2864 1298 2899 omnia
1317 2888 1328 2905 ,
1357 2858 1523 2905 intellige
1552 2855 1648 2891 dista
1677 2852 1721 2890 de
1749 2850 1841 2890 falsa
1884 2854 2049 2898 pagano-

257 2931 403 2969 ceptum
434 2922 554 2958 lumen
584 2918 878 2957 inobscurarent.
1175 2926 1250 2949 rum
1280 2911 1497 2959 Religione,
1537 2918 1612 2954 quae
1652 2917 1771 2941 verum
1811 2904 1878 2939 Dei
1909 2901 2049 2939 cultum

308 2973 328 3018 <
357 2983 374 3008 z
407 2974 425 3018 >
455 2974 543 3018 Quae
569 2970 613 3010 de
642 2969 893 3020 superstitione
934 2966 994 3006 hie
1034 2965 1126 3014 legis
1175 2962 1362 3011 corrupit,
1392 2960 1430 2998 ὅ(
1460 2957 1717 2996 Idololatriam
1748 2954 1892 2993 induxit
1911 2981 1922 2990 .
