2284 3436
389 207 487 247 104
745 186 1728 247 JOANNISVCOSTA

443 269 633 313 Nomen
677 261 837 311 illustri
885 262 1103 310 celebrem
1146 257 1353 318 Thalia,

450 338 520 387 Ni
563 337 835 404 triumphati
874 337 1064 385 referam
1105 348 1311 401 patentes

610 415 732 462 Solis
771 413 821 461 in
865 425 999 461 oras.

449 491 556 544 Juro
590 506 676 553 per
722 488 859 554 tigres
899 485 1038 535 docili
1086 485 1317 533 trahentes
2033 500 2091 547 33
2127 512 2131 513 ν

448 567 522 611 Te
566 563 689 611 suum
731 564 857 611 collo
896 561 1168 619 dominum,
1210 558 1402 625 tuosque

463 637 605 686 Plena
647 637 864 686 ficcantes
905 642 1095 699 Satyros
1135 633 1286 703 jocoso

604 715 769 760 Pocula
812 712 937 760 lusu:

450 790 536 835 Per
575 802 659 835 tuae
703 788 803 853 juro
843 786 1067 834 thalamos
1107 784 1274 834 Puellae
1312 785 1333 851 (
1371 803 1387 832 1
1429 782 1447 848 )

455 865 610 921 Quam
651 861 729 909 suo
771 862 923 909 fovere
964 862 1061 909 finu
1101 861 1273 908 decorae
2037 876 2107 920 40

449 938 624 985 Gratiae
665 952 851 995 natam,
895 940 1211 1001 Superumque
1255 952 1370 1000 puro

605 1012 747 1059 Laffle
791 1013 993 1077 rigantes

462 1086 626 1150 Regiis
670 1090 831 1133 Cretes
874 1085 1020 1130 aluere
1066 1083 1112 1130 in
1153 1083 1332 1147 horti83

458 1161 553 1208 Cui
592 1159 750 1206 favens
793 1160 920 1207 laetos
959 1157 1108 1205 oculis
1147 1157 1347 1206 honores

456 1233 624 1298 Cypris
665 1233 867 1291 afflavit,
907 1231 1129 1299 roseaeque
1168 1234 1328 1282 lumen
2044 1246 2109 1293 45·

613 1308 768 1356 Dulce
808 1312 1042 1364 Juventae.

465 1387 633 1448 Nuper
675 1385 755 1431 hac
797 1384 906 1432 illac
947 1383 1038 1430 fine
1079 1383 1182 1450 lege
1223 1381 1375 1450 sparsis

461 1458 715 1516 Crinibus,
757 1461 964 1524 pulcram
1007 1459 1206 1505 lacerata
1246 1456 1418 1506 vestem

456 1534 596 1592 Ibat,
640 1550 843 1582 amentes
884 1535 1066 1602 agitans
1106 1532 1181 1580 sub
1224 1532 1320 1582 imo

612 1609 767 1656 Corde
810 1610 1012 1657 furores.
2054 1618 2119 1665 50

464 1682 633 1742 Qualis
678 1683 1044 1749 (indignuml)
1091 1683 1297 1731 lacrimis
1336 1701 1414 1748 per
1454 1701 1563 1741 ora,

467 1761 533 1805 Et
573 1757 721 1816 finus,
766 1758 893 1824 largo
934 1758 1062 1806 velut
1106 1758 1280 1816 imbre,
1323 1757 1454 1815 fufis,

465 1835 530 1879 Et
570 1832 650 1879 fibi
694 1833 865 1879 nudum
908 1832 1116 1879 violenta
1158 1833 1357 1881 tundens

611 1907 816 1954 Verbere
859 1908 1047 1971 pectus,
1451 1952 1456 1957 .

461 1982 648 2029 Montis
689 1983 736 2029 in
778 1981 939 2029 summi
984 1983 1088 2048 juga
1131 1981 1373 2029 cursitabat
2052 1992 2112 2038 55

462 2054 628 2105 Anxio
674 2055 801 2114 nisu,
849 2056 1014 2104 mediis
1062 2056 1109 2103 in
1153 2056 1288 2104 undis

466 2134 620 2195 Puppe
660 2130 689 2178 fi
735 2132 871 2196 poffet
904 2129 1043 2180 celeri
1087 2131 1325 2179 volantem

618 2209 820 2253 Cernere
860 2207 1105 2271 Sponsum!
1156 2208 1172 2270 (
1212 2223 1232 2250 2
1268 2206 1285 2267 )

469 2280 698 2329 Perfidum
739 2281 895 2328 frustra
939 2280 1112 2328 miseris
1154 2280 1348 2328 vocabat

472 2355 679 2403 Vocibus
723 2358 873 2423 Virgo
914 2360 1137 2412 Juvenem
1173 2355 1400 2413 felici-ap
2051 2348 2120 2398 60

467 2433 655 2496 Jamque
696 2430 737 2478 se
777 2432 824 2478 in
870 2449 1062 2496 praeceps
1102 2430 1260 2495 rapido
1302 2431 1488 2496 parabat

613 2506 811 2554 Credere
853 2511 1036 2555 Ponto:

467 2579 681 2640 Bacche,
726 2597 769 2629 te
810 2582 941 2640 viso,
982 2581 1199 2630 steterunt
1238 2578 1431 2629 fluentes

473 2653 608 2702 Ilicet
652 2657 888 2722 Nymphae
934 2656 1166 2716 lacrimae,
1208 2656 1434 2721 dolorque

1884 2723 2049 2770 Mente

360 2872 380 2917 (
405 2883 420 2907 1
446 2877 468 2917 )
497 2869 668 2907 Ariadnes
693 2870 779 2910 filiae
806 2872 947 2910 Minois
974 2875 1091 2914 Cretae
1117 2879 1190 2914 Re·
1242 2873 1363 2913 Insula
1392 2874 1526 2921 Naxo,
1567 2872 1608 2910 in
1634 2883 1706 2921 qua
1733 2866 1852 2927 postea
1881 2867 2024 2908 Baccho
2049 2877 2118 2904 nu-

309 2933 396 2969 {3¹⁵-
1241 2932 1328 2976 pta,
1357 2925 1459 2965 suum
1488 2923 1652 2963 dolorem
1681 2919 1844 2961 lenivit.

367 2973 387 3019 (
419 2984 437 3009 2
467 2973 487 3019 )
514 2971 699 3013 Theseum
717 2999 728 3019 ‚
772 2974 835 3024 qui
861 2988 941 3015 earn
967 2976 1120 3027 reliquit
1148 2979 1187 3016 in
