2284 3436
352 184 417 229 80
759 186 981 232 'Tin
1028 183 1181 230 ΜΔΕ
1297 183 1595 231 G-Rixv

426 259 491 307 Et
533 256 652 304 leS’ta
689 274 713 303 e
751 257 896 306 Sacris
936 257 1164 306 sententia
1205 255 1404 318 plurima
1446 257 1635 305 Chattis

570 320 885 393 Circumfusa,
927 334 1058 381 docet
1097 329 1259 380 rustica
1300 331 1436 380 corda
1480 331 1636 379 Mori.

425 409 553 455 Nam
594 408 711 455 muti
756 408 926 456 Oblivi
967 408 1067 473 quis
1109 408 1252 471 praeda
1290 406 1495 464 futurus,
1536 407 1588 453 ab
1629 404 1711 453 illo
2009 411 2069 469 85⁴

581 486 762 546 Optato
803 484 951 541 cellit,
994 500 1085 546 quo
1129 482 1288 549 viget,
1333 481 1511 545 estque,
1553 485 1719 541 Bono,

425 558 489 605 Et
530 555 620 602 laeti
667 556 807 622 liquit
852 557 1093 622 tepefacias
1136 555 1352 604 Luminis
1393 573 1520 614 oras,

565 633 669 678 Dffec
711 646 832 679 retro
872 633 1080 680 ardentes
1132 633 1264 680 flexit
1305 649 1460 679 anaans
1500 632 1698 680 oculos?

421 706 575 755 Dulce
621 706 746 770 super
785 707 941 772 peffliis
980 709 1069 773 jam
1109 708 1197 771 jam
1238 706 1488 754 exhalanda
1527 705 1722 771 quiescit

580 781 669 827 Vis
710 782 922 842 Animae,
962 798 1097 847 atque
1142 782 1237 847 pias
1282 783 1453 829 lumina
1496 779 1757 829 lacrimulas
2005 796 2076 845 90

430 855 696 904 Claudenda
734 857 1008 922 exposcunt:
1053 860 1244 904 Naturae
1286 858 1453 904 clamat
1495 857 1548 903 ab
1590 856 1685 921 ipso

584 932 692 978 Vox
736 931 945 990 tumulo,
978 934 1022 979 8<
1068 932 1207 979 vivax
1247 935 1457 981 Flamma
1501 947 1628 979 tenet
1673 929 1875 980 cineres·

423 1010 493 1055 At
538 1005 592 1052 de
635 1010 738 1065 Te,
779 1011 924 1054 Vates
965 1009 981 1070 (
1024 1024 1039 1051 1
1077 1009 1130 1073 ),
1173 1009 1253 1072 qui
1299 1025 1417 1054 nunc
1458 1005 1657 1071 ingloria
1703 1005 1801 1052 vita

576 1082 866 1128 Fuwstorum
909 1081 1104 1126 memori
1143 1079 1344 1127 carmine
1381 1080 1522 1126 Fa&a
1573 1078 1715 1137 colis,

426 1158 533 1201 Huc
572 1152 737 1217 aliquis
777 1154 872 1200 solo
915 1153 1168 1201 meditandi
1214 1154 1376 1201 duclus
1417 1171 1598 1214 amore,
1823 1184 1825 1186 v
2007 1169 2073 1218 95

578 1231 641 1275 Et
683 1226 770 1276 tibi
816 1228 1059 1294 persimilis
1101 1228 1131 1276 fi
1176 1246 1252 1277 tua
1292 1232 1408 1278 Fata
1451 1244 1609 1296 roget,

425 1305 542 1349 Fors
586 1302 655 1350 illi
699 1322 835 1352 canus
883 1322 980 1353 turn
1025 1304 1170 1369 pastor
1211 1304 1358 1353 dicet:
1401 1342 1431 1363 „
1477 1305 1524 1352 in
1569 1303 1666 1370 ipso

498 1417 528 1438 „
570 1378 787 1426 Vidimus
826 1384 966 1428 Hunc
1007 1379 1100 1426 albi
1144 1379 1306 1427 limine
1354 1379 1460 1444 saepe
1502 1382 1595 1427 Die

353 1490 384 1514 ,‚
424 1456 702 1501 Veri-entem
743 1455 880 1502 celeri
920 1455 1030 1520 pede
1069 1471 1224 1514 rores,
1264 1454 1385 1501 Solis
1434 1471 1482 1502 ut
1533 1454 1627 1503 orti

505 1566 536 1590 ,‚
575 1528 757 1576 Obvius
797 1531 1066 1595 exciperet,
1109 1548 1198 1595 qua
1239 1545 1364 1594 patet
1406 1547 1485 1578 ora
1513 1566 1530 1587 ,
1575 1528 1731 1595 jubar.
1974 1546 2078 1580 100

354 1639 392 1665 ,‚
433 1603 526 1651 Ino
567 1605 775 1651 nutanffis
826 1604 1036 1672 {hgiihb
1079 1606 1311 1670 tegnssne,
1355 1607 1477 1669 cufim

508 1715 537 1736 „
578 1679 807 1726 Radicum
847 1679 1090 1744 ingenium
1133 1680 1290 1728 tortile
1330 1679 1447 1727 ludit
1486 1680 1644 1738 humi,

356 1791 386 1812 ,‚
426 1754 659 1819 P1·0je5³tus
703 1754 885 1813 medio,
930 1754 1166 1819 lentusque
1206 1754 1380 1820 jacebat
1425 1755 1473 1801 in
1518 1754 1648 1811 aestu,

509 1865 538 1887 ‚,
580 1829 913 1894 Spechabatque
956 1845 1092 1893 caput
1135 1830 1234 1875 lene
1275 1828 1460 1875 fluentis
1500 1846 1654 1893 aquae.

354 1939 384 1961 ,‚
425 1907 561 1960 Juxta
604 1903 731 1951 iHun1
776 1904 953 1952 errabat
1005 1903 1155 1951 lucuna
1196 1903 1432 1968 spernente
1473 1902 1688 1951 renidens
1980 1917 2072 1963 105

507 2015 536 2036 „
578 1981 716 2026 Nunc
760 1997 866 2036 ore,
908 1982 953 2026 ἃ
996 1978 1124 2026 tenui
1168 1996 1395 2026 murmure
1437 1996 1558 2025 vana
1599 1992 1813 2041 crepans,

352 2088 388 2111 ‚,
431 2057 573 2101 Nunc
612 2053 865 2119 languenS,
906 2053 1209 2117 moestusque,
1250 2056 1294 2100 δε
1340 2052 1565 2118 pallidus,
1615 2069 1663 2100 ut
1695 2049 1853 2108 miser,
1889 2068 2079 2108 amens,

498 2164 528 2187 „
571 2131 633 2175 Et
674 2129 751 2192 qui
798 2128 1047 2177 transverso
1093 2127 1258 2193 preffus
1311 2145 1464 2176 amore
1511 2128 1660 2193 jacet.

354 2238 383 2262 ‚,
423 2203 528 2249 Una
566 2202 683 2249 Dies
724 2202 888 2267 venit3
929 2202 1065 2251 solito
1107 2222 1187 2251 nec
1231 2194 1399 2261 Colle,
1445 2221 1527 2250 nec
1579 2201 1724 2268 ipsum

515 2313 546 2337 ,‚
587 2277 702 2324 Vidi
743 2296 828 2344 ego
864 2277 1058 2326 dileetos
1099 2277 1293 2326 Arboris
1336 2294 1443 2325 ante
1485 2278 1646 2342 pedes:
1971 2291 2074 2324 110

353 2388 383 2412 ,‚
425 2352 587 2403 Altera
629 2350 850 2417 successit3
883 2372 964 2401 nec
1001 2353 1142 2400 fontis
1188 2353 1427 2417 Lympha,
1474 2371 1555 2400 nec
1598 2351 1745 2418 ipsum

506 2463 535 2484 ,‚
577 2426 794 2490 Amplius
834 2427 913 2474 illa
955 2429 1140 2493 placens
1177 2422 1311 2486 Ora,
1357 2427 1594 2475 Nemusve
1641 2425 1795 2473 dedit:

355 2538 389 2560 „
432 2500 645 2549 Proxima
686 2519 789 2549 cum
828 2502 982 2560 luxit,
1026 2502 1196 2550 meritae
1240 2501 1404 2549 rnoesto
1443 2503 1603 2550 ordine
1646 2504 1826 2566 Pompae

502 2613 533 2635 „
573 2577 762 2624 Iilatuna
803 2576 919 2625 {acra
963 2577 1162 2625 vidinius
1205 2578 1268 2624 ire
1312 2576 1429 2624 Ksia.

355 2685 389 2709 „
432 2650 648 2708 Accede,
688 2654 733 2698 δε
769 2652 914 2719 legito
956 2651 1152 2718 (legere
1193 2654 1253 2700 est
1296 2651 1382 2699 tibi
1424 2651 1602 2717 copia)
1648 2655 1876 2707 Carmen,
1974 2662 2067 2708 115

500 2759 531 2785 ‚,
572 2725 661 2771 Sub
701 2726 830 2790 spino
872 2726 1014 2775 veteri
1059 2727 1182 2792 quod
1223 2727 1332 2776 rude
1375 2743 1574 2775 marmor
1616 2725 1778 2775 habet:

1854 2793 2010 2842 EPI-

321 2948 340 2993 (
371 2960 384 2984 1
417 2951 436 2997 )
464 2949 636 2999 Loquitur
666 2950 800 2990 Auaor
839 2952 884 2990 de
923 2950 1040 3004 seipso
1069 2953 1132 2993 sub
1154 2950 1302 3001 persona
1330 2950 1503 2989 Pastoris.
