2284 3436
647 126 702 185 Q
772 126 817 170 U
893 128 939 173 A
1008 126 1053 173 R
1130 127 1177 171 T
1256 132 1302 175 U
1382 132 1439 177 S.
1774 151 1839 193 49

259 206 547 251 Damnatum
590 215 765 247 aeternae
803 197 1102 247 Cromuelem
1148 201 1163 265 (
1200 218 1219 250 1
1253 201 1268 263 )
1310 202 1518 266 conspice
1559 206 1710 251 Famae
1746 223 1759 253 :

262 284 334 326 Ac
375 277 468 326 tibi
509 275 539 324 fi
576 292 780 323 mentem
822 272 992 340 cupido
1035 273 1164 322 simul
1206 276 1365 323 omnia
1405 295 1649 342 pungunt,
1810 286 1906 345 283

265 354 488 419 Antiquae
529 351 726 398 doceant
765 349 896 399 fimul
937 350 1094 398 omnia
1139 349 1345 415 spernere
1389 353 1602 400 Chartae.

257 427 490 488 IllustreS,
531 425 729 493 Magni,
771 426 941 485 DiteS,
978 427 1027 473 ἃ
1069 426 1342 474 Honoribus
1382 427 1505 475 aufiti

250 506 411 562 Quam
449 500 569 550 falsae
611 500 838 549 scandunt
880 498 1052 564 paritet·
1094 499 1271 567 fastigia
1312 503 1482 550 Sor-tis!

259 579 425 637 Felix,
467 595 603 643 quem
644 595 723 624 cor
765 575 897 623 habet
940 573 1115 640 Regi8‚
1159 593 1296 637 quem
1339 578 1527 624 brachia
1571 578 1778 626 muscent

254 655 472 720 Reginae.
512 657 578 701 At
619 656 794 718 Regem
841 647 933 695 ruit
973 648 1085 706 ille,
1127 647 1203 696 hic
1243 650 1397 714 prodit
1439 655 1725 702 Amantem.
1812 673 1913 723 290

253 729 412 787 Quam
456 745 595 794 pravo
640 727 835 774 Istorum
877 722 1119 771 molimine
1160 723 1328 773 Gloria
1371 725 1565 784 crescit,

262 803 437 853 Fumus
484 821 535 852 ut
576 820 599 850 e
640 798 760 865 putri
802 798 844 846 se
884 797 1014 865 ligno
1056 798 1183 847 tollit
1221 800 1272 848 in
1314 804 1469 852 auras!

259 879 457 928 Paffibus
498 877 573 925 hic
617 875 756 940 aequis
798 870 1024 938 Splendor
1064 892 1167 922 cum
1210 874 1426 926 Crimine
1469 878 1631 940 vadit,

256 956 412 1017 Atque
451 954 568 1019 jacet
611 949 837 1016 depressus
881 953 1074 1007 H0m0,
1113 967 1204 1015 qua
1245 950 1431 1001 tollitur
1471 958 1647 1003 Heros.

258 1031 452 1094 Europae
493 1031 665 1075 Lauros
703 1026 876 1073 circum
916 1023 989 1071 sua
1024 1041 1228 1090 tempora
1269 1028 1476 1093 gestant,
1816 1054 1914 1100 293

260 1102 347 1149 Sed
391 1103 506 1150 male
551 1115 747 1150 mutatas
789 1117 935 1157 auro,
976 1098 1048 1146 vel
1091 1099 1312 1167 sanguine
1351 1103 1522 1170 foedas3

253 1180 382 1224 Tum
425 1177 557 1224 fracti
603 1175 734 1222 bellis
776 1191 852 1221 aut
896 1172 1056 1221 mollia
1100 1191 1312 1240 tempora
1354 1181 1558 1243 ducunt,

260 1255 360 1299 Aut
403 1251 577 1299 infame
615 1263 774 1298 tenent
814 1247 992 1314 direpta
1036 1266 1114 1313 per
1154 1250 1344 1315 Oppida
1386 1256 1604 1307 Nomen.

249 1329 357 1374 Sors
399 1326 554 1376 fatalis
595 1324 778 1390 Opum!
823 1323 953 1390 queis
996 1323 1136 1371 nullis
1177 1327 1356 1376 Lumen
1396 1329 1450 1377 ab
1490 1333 1603 1383 astis

254 1402 509 1459 Provenit,
552 1404 596 1448 8<
635 1397 793 1447 SanE'ti
834 1398 955 1446 nihil
995 1399 1087 1459 est,
1131 1403 1254 1464 quod
1296 1404 1511 1455 Dedecus
1553 1428 1705 1463 arcet.
1811 1435 1917 1482 300

261 1478 390 1539 Qiid
432 1476 622 1526 faustum
666 1473 808 1541 magis
847 1474 1061 1540 expezstet
1103 1478 1238 1525 Meta
1281 1477 1445 1528 ultima
1487 1485 1653 1534 Vicae?

255 1556 441 1618 Nempe
482 1551 781 1615 triumphales
822 1568 975 1609 arcuS,
1018 1550 1282 1617 circumque
1323 1555 1503 1621 tropaeis

250 1629 390 1677 Atria
435 1626 555 1692 piSta
596 1625 757 1674 Cliens
796 1623 984 1684 aviduS‚
1028 1626 1268 1676 Mulierve
1310 1629 1497 1695 superba

258 1709 501 1769 Occupat,
545 1704 589 1749 &
629 1701 811 1750 somnos
852 1702 1034 1768 augusta
1075 1703 1231 1752 turbat
1271 1705 1321 1752 in
1364 1707 1554 1758 umbra.

257 1779 422 1827 Eheu!
466 1795 522 1823 ne
565 1775 703 1822 medii
746 1775 896 1839 capiat
940 1793 985 1823 te
1030 1780 1199 1824 Forma
1243 1779 1363 1828 diei:
1812 1810 1908 1856 305

255 1856 400 1901 Mane
439 1867 548 1899 ortae
578 1848 804 1907 subeant,
853 1848 1208 1917 vespertinaeque
1249 1855 1504 1907 Tenebrae:

255 1932 383 1977 Tota
420 1927 585 1993 ingens
629 1923 813 1972 tandem
853 1927 997 1972 Fama
1037 1926 1125 1975 huc
1167 1928 1440 1990 deducitur,
1483 1950 1533 1982 ut
1573 1937 1625 1985 fit

256 2003 464 2060 Fabula,
506 1998 737 2048 Dedecori
777 2016 876 2064 quae
914 2000 1090 2050 clarum
1134 2002 1362 2052 immiscet
1405 2010 1674 2061 Honorem.

253 2077 405 2125 Nosce
444 2095 552 2142 ergo
595 2075 728 2140 (hoc
771 2075 973 2123 Homini
1014 2075 1123 2125 satis
1161 2079 1223 2126 est
1264 2079 1349 2128 tibi
1392 2082 1569 2135 noscere
1604 2087 1621 2151 )
1664 2090 1869 2141 Verum:

252 2152 418 2201 Virtus
461 2152 509 2199 in
553 2150 684 2198 terris
728 2150 984 2199 Hominem
1028 2150 1140 2200 facit
1182 2171 1268 2201 una
1313 2155 1527 2209 beatum.
1570 2198 1602 2220 ‚,
1804 2183 1917 2227 310

253 2229 465 2276 Excubat
513 2225 585 2274 hic
625 2223 768 2274 solum
809 2229 913 2274 Sors
954 2229 1243 2289 Fortunata,
1291 2231 1493 2298 malique

260 2303 358 2352 Hic
403 2301 494 2350 fine
522 2301 628 2349 faece
668 2300 801 2349 datur
842 2301 974 2349 nobis
1018 2304 1234 2369 gustanda
1276 2307 1539 2374 Voluptas:

251 2379 346 2427 Hic
387 2376 542 2425 meriti
582 2392 705 2424 certa
744 2377 804 2424 est
839 2379 1048 2427 Merces:
1091 2378 1166 2427 hic
1210 2379 1399 2446 quisque
1445 2383 1569 2434 beari

253 2457 311 2501 Se
351 2452 519 2512 sentit,
562 2452 634 2500 seu
676 2450 787 2516 quid
827 2453 1011 2517 capiat,
1050 2452 1121 2502 seu
1163 2456 1337 2520 praestet
1380 2459 1560 2527 amice;

256 2527 443 2574 Laetitia
483 2526 735 2591 abripitur,
781 2544 882 2573 cum
923 2546 993 2575 res
1035 2529 1148 2575 bene
1189 2531 1340 2591 cedit,
1380 2536 1425 2581 δε
1467 2534 1591 2585 idem
1810 2555 1907 2605 313

261 2602 402 2649 Haud
445 2601 568 2649 dolet
610 2599 799 2648 adverso
846 2600 1039 2667 discerpi
1080 2601 1265 2651 flamine
1310 2623 1453 2674 vota3

259 2676 452 2742 Expleri
494 2675 634 2725 nescit
673 2675 922 2723 constantis
964 2695 1148 2726 munere
1190 2679 1371 2740 Sorris,

1166 2757 1212 2802 G
1678 2770 1837 2832 Atque

181 2189 212 2212 ³>

153 2938 243 2985 (ι)
269 2934 443 2973 Cromuel
469 2933 661 2977 Tyrannus
701 2934 816 2975 multa
842 2934 880 2974 in
909 2933 1045 2984 Anglia
1071 2933 1265 2978 crudeliter
1293 2940 1393 2988 geffit
1412 2968 1421 2976 .
