2284 3436
343 205 415 250 44

915 175 1412 224 LIBER

414 262 549 310 Num
587 256 782 323 flagrans
822 252 1026 300 tonitrus
1068 248 1394 308 obliviscetur,
1435 251 1480 296 &
1521 246 1675 315 ignem

415 341 558 386 AEtna
600 333 724 380 suum
772 344 885 376 voto
927 326 1160 391 Sapientis
1200 326 1248 372 in
1291 341 1420 373 antra
1462 323 1691 372 vocabit?

415 416 512 462 Aer
556 427 659 456 nuni
707 420 859 454 motus
900 402 1081 466 capiet,
1128 399 1378 465 pontusque
1421 400 1663 458 novellos,

410 560 649 627 Spiritus?
691 573 767 606 aut
811 566 979 621 niagno
1024 553 1124 618 juga
1167 548 1311 596 flabia
1354 566 1548 596 tremore
1587 552 1729 599 ruinae

413 634 691 700 Suspendent
734 632 943 696 pondus,
978 628 1005 674 si
1048 627 1167 673 forte
1206 623 1435 672 accefferis
1477 622 1620 672 iiiuc?

419 718 518 762 Aut
560 710 747 772 antiqua
794 707 906 752 aedes
948 706 1035 767 jam
1064 703 1152 767 jam
1198 699 1371 765 lapsura
1412 698 1625 758 tenebit,

406 786 572 836 Perdat
615 784 681 831 uti
726 779 943 830 Chatti-is
988 781 1002 843 (
1037 776 1109 832 2)
1152 793 1287 840 caput
1331 775 1622 833 execrabile,
1664 772 1853 824 casum?

408 869 476 912 At
519 860 670 908 minus
713 858 790 905 iste
833 858 981 921 piacet
1023 851 1248 900 sceleratis
1290 850 1524 899 Gentibus
1566 866 1697 915 aptus

408 943 533 988 Tam
581 933 762 1000 proprie
805 931 1039 978 Mundus.
1084 927 1332 975 Meliorem
1376 942 1472 973 tute
1515 924 1743 991 requiris?

413 1012 486 1062 Sit
529 1010 723 1066 melior,
765 1023 1053 1073 regnentque
1095 1002 1245 1051 Boni.
1287 1002 1374 1049 Sed
1417 1019 1571 1050 mente
1602 1001 1817 1050 revolvas

411 1086 540 1153 Ipse,
579 1088 739 1131 Bonos
781 1082 976 1145 primum
1020 1079 1170 1140 qualis
1218 1076 1457 1123 Sententia
1505 1076 1689 1140 jungat,

415 1167 542 1210 Cura
589 1157 711 1206 Boni
752 1170 874 1202 certe
916 1153 1019 1199 sunt
1061 1150 1264 1197 maxima
1308 1148 1562 1196 Numinis:
1606 1165 1652 1197 at
1694 1150 1798 1215 quis

407 1235 579 1292 Tales,
618 1231 888 1279 omnituens
935 1225 1019 1274 nisi
1066 1230 1292 1281 Numen,
1337 1225 1506 1271 dixerit
1559 1224 1675 1273 effe?

408 1384 643 1451 Cogitat,
687 1381 883 1429 Infernae
924 1394 1054 1445 putat
1099 1376 1211 1424 alter
1252 1377 1480 1422 Daemona
1521 1375 1679 1422 Sedis.

407 1461 458 1508 Si
501 1465 607 1508 Sors
648 1457 890 1505 descendat
936 1453 1146 1502 Calvino
1186 1453 1321 1511 laeta,
1364 1451 1458 1497 vel*
1485 1451 1595 1509 Ira,

1965 417 2062 450 12³

416 485 592 535 Lenior
633 501 682 531 ut
723 483 878 546 pee'tus
921 480 1007 525 tibi
1041 478 1270 532 mulceat,
1312 475 1487 539 optime
1529 474 1724 533 Bethel,
1768 474 1783 538 (
1821 491 1838 519 1
1877 477 1894 538 )
2039 432 2061 463 ³

1971 1168 2068 1217 135

410 1309 674 1359 Calvinum
718 1301 957 1371 Angelicis
996 1301 1226 1365 delapsum
1272 1317 1295 1346 e
1340 1298 1539 1348 coetibus
1577 1317 1694 1347 unus
1739 1298 1868 1367 (3)

1879 1507 1884 1509 .
1909 1532 1941 1536 ”
1970 1546 2075 1589 140

403 1535 483 1585 Est
527 1540 681 1591 Deus,
727 1551 838 1580 unus
880 1532 977 1594 ait3
1019 1547 1114 1577 non
1155 1528 1248 1585 est,
1289 1525 1354 1573 ait
1398 1524 1542 1582 alter,
1583 1527 1628 1574 8<
1671 1543 1806 1573 unam

403 1611 545 1671 Quod
586 1613 768 1656 Partem
810 1604 1040 1661 offendit,
1084 1608 1186 1649 Pars
1230 1600 1397 1666 accipit
1440 1600 1609 1658 altera,
1652 1601 1838 1665 quando

402 1685 579 1734 Cuniffl
625 1701 709 1730 una
753 1698 986 1747 nequeunt
1026 1676 1258 1725 Homines
1297 1675 1376 1724 sub
1415 1678 1540 1741 Lege
1580 1675 1796 1739 bearif(
1830 1673 1908 1738 4)

410 1761 520 1826 Ipsis
563 1757 733 1823 quippe
775 1755 918 1806 Bonis
959 1754 1080 1802 haud
1123 1770 1235 1801 voto
1275 1751 1460 1799 vivitur
1499 1767 1619 1810 uno,

403 1839 605 1899 Fertque
649 1833 764 1880 mihi
808 1848 966 1898 poenas
1004 1830 1189 1886 eadem,
1235 1827 1319 1873 tibi
1360 1827 1543 1890 praemia
1582 1825 1777 1873 Virtus.

337 1949 366 1973 ³2

414 1909 657 1974 Quidquid
676 1909 845 1972 ubique
861 1946 873 1966 ‚
890 1910 1072 1953 Bonum
1088 1903 1147 1950 est
1164 1940 1174 1950 .
1200 1939 1230 1961 ‚,
1260 1902 1356 1948 Sibi
1375 1900 1546 1948 facium
1562 1917 1740 1966 ceperat
1757 1900 1935 1949 Orbem
1969 1918 1984 1946 1
1997 1918 2066 1964 43

405 1985 585 2033 Caesar:
625 2001 670 2031 at
710 1981 835 2046 aequ‘a
883 1981 1003 2028 Tito
1043 1979 1136 2043 post
1181 1980 1303 2026 hunc
1345 1976 1452 2023 data
1498 1976 1630 2041 copia
1672 1975 1846 2024 Mundi
1875 2013 1888 2024 .

401 2061 486 2107 Sed
530 2076 655 2124 mage
700 2056 803 2121 quis
844 2053 988 2102 felix?
1031 2054 1228 2101 Patriam
1272 2050 1352 2115 qui
1396 2048 1582 2110 vinxit,
1622 2068 1676 2098 an
1734 2068 1879 2098 unum

404 2135 586 2181 Orbum
624 2133 703 2197 qui
747 2129 896 2178 doiuit
940 2128 1189 2176 benefacffis
1227 2131 1244 2195 (
1282 2143 1301 2186 5
1338 2126 1353 2188 )
1395 2125 1550 2173 cedere
1597 2125 1788 2173 Solem?

332 2243 366 2269 „
407 2213 474 2258 At
516 2209 678 2256 Virtus
717 2207 836 2271 jacet
876 2222 990 2271 aegra
1028 2203 1177 2262 fame,
1218 2203 1331 2268 dape
1373 2199 1526 2268 Culpa
1565 2200 1778 2254 nitescit.
1823 2241 1856 2265 η

310 2463 330 2510 (
361 2475 375 2499 1
408 2464 428 2509 )
456 2462 603 2500 Amicus
631 2460 732 2511 Popii
757 2489 768 2510 ‚
797 2471 892 2499 notae
934 2457 1136 2509 probitatis

259 2513 313 2549 vir
332 2542 342 2559 ,
371 2513 410 2552 &
437 2513 654 2550 valetudinis
681 2513 917 2550 infirmioris.

311 2565 331 2610 (
360 2578 380 2600 2
409 2565 428 2611 )
458 2565 667 2601 Francis-,us
692 2564 861 2601 Chattres
890 2562 1064 2600 vitiorum
1093 2576 1136 2599 o-

262 2616 401 2650 mnium
432 2614 585 2651 infamia
614 2626 832 2662 coopertus,
852 2623 980 2663 praetet
1011 2614 1134 2663 prodi-

260 2665 448 2712 gentiam,
479 2667 516 2704 ὃ(
561 2667 774 2714 hypocrisim
801 2696 810 2704 .
855 2668 942 2710 Ejus
985 2665 1137 2702 cadaver

260 2728 348 2763 pene
377 2729 398 2752 a
426 2718 562 2765 populo
589 2718 828 2754 dilaceratum
868 2716 973 2763 fuit,
1020 2715 1057 2753 ὃ(
1094 2717 1134 2753 in

260 2766 422 2804 cloacam
451 2767 655 2815 proiefium
672 2795 681 2805 .

313 2818 330 2863 (
361 2832 376 2866 3
410 2821 428 2866 )
459 2821 579 2855 Homo
609 2818 670 2855 fibi
701 2816 850 2856 relie'ms
870 2845 881 2863 ,
921 2816 957 2854 &
986 2817 1024 2854 in
1053 2818 1132 2856 luce

263 2865 388 2951 spi-ente
417 2864 610 2907 caecutiens
636 2869 746 2906 ahter
784 2866 915 2907 'sentire
943 2881 1015 2905 non
1045 2879 1133 2920 pot-

261 2929 280 2952 e
321 2945 328 2952 .

318 2970 336 3019 ί
361 2983 384 3015 q,
413 2973 430 3017 >
457 2973 580 3009 Tanta
607 2971 806 3022 opinandi,
835 2970 1039 3023 agendique
1065 2980 1131 3004 va-

1866 2280 1997 2339 Quid.

1185 2459 1299 2498 rictas
1328 2472 1348 2496 a
1378 2461 1486 2496 Poeta
1516 2459 1672 2506 expressa
1713 2470 1775 2495 eos
1803 2455 1971 2507 speRat,
1999 2456 2069 2506 quir

1185 2520 1291 2549 extra
1317 2515 1445 2560 Legem
1474 2509 1707 2546 Catholicam
1749 2509 1832 2546 sunt
1861 2535 1871 2543 .
1910 2511 1983 2544 Lex
2025 2521 2070 2544 e-

1190 2563 1267 2600 nim
1295 2561 1503 2599 Catholicis
1533 2573 1601 2596 una
1629 2559 1800 2597 omnibus
1826 2559 1871 2595 est
1889 2585 1900 2603 ,
1919 2558 2067 2595 eadem-

1187 2627 1257 2663 que
1287 2613 1362 2651 sola
1390 2612 1546 2650 Virtutis
1572 2611 1719 2659 omnis,
1746 2624 1787 2648 ae
1817 2621 1910 2648 verae
1937 2609 2061 2646 Beati-

1185 2666 1277 2703 tatis
1304 2668 1397 2702 Fons
1413 2693 1424 2702 .

1238 2718 1259 2765 (
1289 2728 1305 2762 5
1339 2718 1357 2765 )
1386 2716 1503 2753 Titus
1526 2714 1677 2755 Flavius
1704 2712 2063 2761 Vespafianus‚cum

1185 2767 1431 2805 recordaretur
1460 2768 1498 2804 in
1525 2779 1626 2803 coena
1666 2763 1847 2813 quondam
1873 2788 1883 2808 ,
1927 2760 1991 2798 fibi
2021 2774 2062 2797 u-

1187 2833 1273 2856 num
1299 2818 1396 2855 diem
1425 2817 1654 2866 praeteriisse,
1684 2813 1810 2859 nullo,
1829 2819 1954 2860 praeter
1983 2824 2067 2848 mo·-

1186 2884 1259 2907 rem
1277 2898 1288 2915 ,
1317 2870 1487 2916 cuiquam
1516 2865 1693 2904 beneficio
1723 2864 1904 2913 praestitO,
1948 2862 2068 2902 dixis·-

1185 2921 1220 2958 se
1249 2919 1410 2957 dicitur,
1439 2919 1558 2955 Amici
1586 2916 1681 2954 diem.
1701 2916 1866 2963 perdidi.
