2284 3436
268 208 530 254 Commune
570 198 719 251 Genti
761 193 893 249 ducit
931 198 1162 246 Humanae
1200 192 1411 241 Bonum.

269 281 367 330 Hic
410 294 571 344 nempe
610 293 834 343 magnus,
866 291 960 341 quo
1001 271 1215 321 laborant
1254 267 1430 336 singula

265 360 536 420 Totumque
576 353 726 410 vires,
769 367 906 417 atque
946 349 1060 417 justa
1101 344 1289 412 colligit

274 428 537 480 Felicitatis
579 423 800 476 universae
839 443 1060 487 munera,

265 508 477 553 Intentus
516 501 639 550 almo
679 499 814 548 Finis
855 499 917 548 est
957 515 1074 547 unus
1115 504 1252 546 Deo.

260 584 369 628 Huc
409 576 580 644 spestat
623 574 779 624 omnis
839 574 923 622 illa
977 571 1183 621 Personae
1223 567 1362 617 insita

267 654 545 720 Cuicunque
585 669 686 720 pars
728 647 940 707 Erroris,
981 650 1027 696 δε
1066 645 1227 712 Culpae
1267 643 1398 694 simul

260 733 338 779 Ex
380 727 613 779 imbecilla
653 727 787 792 stirpe
831 725 1077 775 deduE'tum
1119 739 1294 791 genu83

264 810 374 854 Huc
417 801 716 853 multiformis
758 801 842 851 illa
876 800 964 850 Vis
1006 797 1332 865 Cuppedinis‚

264 883 381 941 Qae
424 877 565 945 serpit
608 896 770 927 omnes
809 879 932 926 inter
974 876 1177 925 Ordines
1216 875 1386 932 Loco,

265 961 428 1006 AEtate
456 993 469 1014 ,
509 957 629 1002 Sexu
669 952 868 1020 dispares
896 990 909 1013 ‚
952 955 998 1001 &
1039 949 1242 1011 arRius,

272 1030 549 1095 Beatiusque
591 1029 772 1095 jungit,
810 1032 857 1077 δε
898 1028 1082 1093 ᾗιιηὲἶοε
1119 1026 1282 1075 fovet.

267 1110 380 1170 Spes
421 1105 529 1153 inde
571 1104 748 1151 nostros
790 1101 960 1151 daedala
1000 1099 1194 1149 illustrat
1237 1097 1334 1146 dies

265 1179 498 1247 Pingente
539 1178 684 1226 nubes
722 1178 827 1226 luce
870 1175 1057 1225 venturi
1100 1173 1257 1232 Boni,

270 1254 554 1320 Vacuosque
594 1252 744 1301 sensus
782 1252 942 1302 Fastus
984 1250 1185 1317 implet,
1225 1250 1271 1296 δε
1309 1246 1494 1315 Scypho

267 1323 575 1396 'Supernatans
617 1327 832 1389 Erroris,
873 1345 924 1377 ut
957 1328 1092 1376 bullae
1134 1324 1296 1390 liquor

267 1411 564 1472 Argenteus,
603 1401 784 1453 renidet
825 1402 963 1468 usque
1000 1400 1265 1452 Gaudium.

269 1479 466 1528 Notitia
506 1477 732 1545 quidquid
772 1477 921 1527 Sortis
963 1477 1136 1526 evertit
1176 1477 1296 1522 Tuae

266 1555 496 1621 Cuppedo
540 1570 755 1620 prompta
796 1551 945 1601 rursus
986 1551 1127 1621 erigit
1164 1547 1312 1608 Tibi,

263 1629 510 1697 Amorque
550 1628 712 1678 Nostri
756 1627 940 1696 propria
978 1627 1242 1695 inspe&ans
1280 1622 1401 1675 mala

267 1704 447 1755 Aliena
486 1701 656 1766 discit,
695 1706 742 1753 ἃ
783 1704 990 1755 medetur
1029 1720 1082 1755 ut
1124 1703 1239 1753 suis.

262 1783 377 1829 Haec
416 1780 564 1849 forma
602 1779 771 1829 Sortis:
797 1782 907 1840 *haec
948 1781 1187 1827 Voluntas
1226 1773 1482 1826 Numinis.

793 1928 908 1979 ΙΙΙ.

116 2073 432 2223 TEnore
474 2076 609 2129 vario
648 2077 912 2145 praestitutis
952 2075 1187 2145 Legibus,

311 2158 584 2221 Rerumque
625 2153 749 2203 Serie
789 2155 1091 2205 continenter
1128 2151 1306 2212 nexili,

263 2235 458 2281 AEterna
497 2231 552 2279 ad
594 2248 737 2279 unum
778 2231 927 2281 Causa
967 2231 1133 2280 Finem
1173 2227 1339 2297 dirigit

268 2308 515 2366 Quantum
556 2305 758 2355 univerfi
797 2325 992 2373 cumque
1033 2306 1255 2356 monstrat
1297 2303 1492 2355 Ordinis

259 2381 492 2431 Molimen
534 2383 703 2449 hujus,
743 2384 825 2449 qui
867 2381 1058 2432 videndi
1099 2382 1323 2431 traffiibus

275 2456 425 2516 Caeli,
467 2457 704 2524 Marisque
745 2458 1043 2517 continetur,
1087 2459 1133 2506 ὃ(
1171 2456 1306 2506 Soli.

276 2535 545 2580 Commune
583 2533 756 2582 Foedus
797 2535 965 2583 cunfila
1004 2531 1239 2582 communi
1279 2536 1416 2581 Bono

268 2606 484 2655 Gaudere
524 2607 667 2656 donat
698 2647 712 2669 ,
751 2627 920 2675 perque
966 2624 1126 2676 egenas
1163 2605 1353 2657 sustinet

265 2684 391 2741 Res,
432 2698 570 2748 atque
609 2700 733 2732 certa
778 2684 955 2734 auxilia
995 2689 1245 2734 Brutorum
1285 2700 1460 2752 genus,

265 2756 629 2825 Hominumque
672 2759 868 2826 pariter.
908 2761 1001 2810 Illa
1040 2778 1138 2809 non
1174 2759 1318 2809 fallax
1358 2775 1522 2811 movet

273 2831 557 2897 Instinfi‘tus,
599 2835 733 2887 hosce
771 2837 947 2889 Ratio.
985 2840 1114 2889 Fons
1153 2836 1262 2885 hinc
1300 2835 1528 2899 Artium,

1191 2916 1240 2962 A
1319 2930 1349 2963 2

1856 290 1918 322 20

1856 661 1918 707 25

1857 1037 1925 1088 30

1853 1789 1920 1834 40

1874 2771 1940 2803 10

1809 2906 1873 2953 Et
