2284 3436
346 212 406 253 72
764 193 810 238 T
841 196 889 239 H
917 194 962 241 O
994 194 1047 240 M
1082 193 1140 237 ΒΞ
1219 191 1264 235 G
1293 186 1337 231 R
1364 186 1408 231 A
1430 186 1466 231 Y

425 269 639 335 Insigne,
678 268 724 313 δε
763 268 903 316 AEdes
944 262 1206 332 magnificas
1251 273 1442 325 parant,

502 341 748 407 Opesque‚
786 341 1102 406 porrefflasque
1140 336 1278 384 Vires

539 416 756 466 Tartarei
796 418 1074 464 documenta
1110 409 1292 478 Regni.

430 492 688 558 Signandus
728 509 906 548 annus,
950 508 1041 538 nox
1084 503 1296 553 quoque,
1339 499 1434 530 nox
1471 480 1602 548 nigra
1723 492 1725 495 ’
2009 481 2067 540 85

425 567 684 634 Signanda,
724 566 831 613 Leti
880 584 984 614 curn
1023 564 1183 612 resono
1226 558 1404 625 procul.

494 641 728 699 Stridore,
773 640 1081 704 lucianusque
1125 634 1267 701 Regis
1314 637 1331 700 (
1369 631 1437 694 1)

539 715 751 765 Vocibus
790 715 1015 764 attonitas
1059 710 1248 760 Sabrina
1352 727 1355 730 ’

429 792 656 842 Percellet
697 809 822 838 aures
866 789 1088 840 Barkeliae
1130 786 1349 834 intonans

430 864 583 915 Caedis
623 864 846 914 furorem.
889 870 994 922 Tu,
1037 868 1167 927 Lupa
1223 856 1433 913 Gallica,
1479 855 1554 921 (2
1595 853 1611 914 )
2011 864 2082 911 90

506 944 623 1000 Quae
671 940 839 987 viscera
885 937 1060 986 immiti
1102 949 1346 984 cruentans

540 1018 710 1080 Ungue
755 1013 862 1061 Viri
912 1014 1105 1060 lacerata
1150 1008 1346 1065 scindis,

428 1095 507 1138 Ex
550 1093 623 1137 Te
666 1088 842 1134 videbis
886 1086 1208 1151 progenitum,
1241 1084 1354 1127 Tuae

432 1163 526 1222 Qui
571 1162 680 1227 justa
719 1159 834 1209 Caeli
876 1160 1064 1208 verbera
1100 1155 1261 1205 Patriae
1300 1154 1316 1218 (
1353 1170 1374 1213 3
1413 1149 1430 1213 )

517 1236 731 1302 Infiiget.
776 1240 843 1284 At
883 1251 1080 1300 quantus
1121 1231 1309 1280 nocenti
1512 1256 1515 1259 κ
2014 1232 2074 1278 95

545 1312 766 1375 Undique
809 1314 984 1358 Terror
1026 1308 1166 1356 adest!
1214 1302 1398 1372 Stupori

433 1386 699 1451 Conjunffw.
747 1389 946 1433 Turmas
990 1402 1097 1432 ante
1137 1381 1288 1446 quatit
1332 1383 1489 1442 Fug33

437 1466 663 1510 AErumna
705 1476 825 1507 retro
870 1459 1070 1526 pallida,
1111 1454 1355 1521 squallida,

505 1539 568 1582 Et
611 1535 853 1583 Solitudo.
900 1534 1073 1582 vietor
1117 1531 1233 1589 Ille,

545 1609 632 1658 Ille
686 1611 811 1675 (4)
858 1610 970 1673 jacet
1011 1606 1300 1656 Dominator
1345 1602 1440 1650 imo
1615 1632 1617 1634 -
1986 1608 2086 1641 100

430 1690 606 1734 Stratus
647 1683 787 1731 cubili
831 1685 1035 1740 Mortis,
1082 1684 1127 1728 ὃ(
1172 1678 1381 1726 omnium

430 1764 564 1808 Stant
609 1759 746 1806 corda
790 1758 962 1806 circum
1005 1755 1167 1805 nescia·
1194 1752 1402 1819 tangier,

506 1839 570 1881 Et
613 1835 842 1880 lacrimam
882 1833 1126 1898 indignata
1170 1828 1283 1874 ferre

556 1909 754 1954 Lumina
799 1908 845 1954 in
892 1905 1159 1970 obsequium
1199 1900 1436 1949 recusant.

427 1981 636 2030 Disceffit
681 1981 811 2029 Ensis
856 1981 979 2048 (5)
1029 1978 1348 2042 Bellipotens?
1392 1979 1525 2023 Tuus
1987 1979 2079 2025 105

440 2059 619 2104 Inerrat
659 2058 848 2103 Umbris
891 2055 1064 2103 Filius.
1120 2056 1182 2100 Et
1231 2050 1315 2098 tibi

511 2132 637 2178 Illud
685 2131 915 2178 renidenti
961 2130 1118 2176 decore

549 2207 606 2253 In
649 2207 803 2254 medio
845 2203 1063 2254 radiantis
1103 2200 1188 2248 aevi

1892 2268 2012 2315 Exa-

336 2568 356 2612 (
388 2578 402 2603 1
436 2572 456 2612 )
485 2563 670 2601 Eduardue
696 2566 744 2600 ΙΙ.
785 2563 822 2600 ἱη
858 2576 936 2600 arce
982 2561 1153 2600 Barkele-
1259 2564 1278 2610 (
1309 2575 1325 2611 3
1357 2563 1376 2609 )
1404 2558 1630 2607 Triumphus
1657 2553 1815 2594 Eduardi
1847 2554 1917 2590 ΙΙΙ.
1939 2550 2081 2589 Isabel-

287 2618 372 2661 {ensi
415 2616 510 2653 inter
550 2614 768 2652 Bristollium
791 2643 802 2662 ‚
841 2615 878 2652 &
916 2615 1153 2653 Glocestriam
1208 2613 1250 2652 1ae
1279 2613 1364 2650 Filii
1395 2613 1432 2648 in
1460 2611 1585 2647 Gallia
1617 2608 1779 2645 relatus.

284 2666 421 2715 oppida
449 2665 493 2702 ad
524 2666 627 2702 mille
668 2665 739 2702 fere
783 2668 895 2713 passus
939 2666 992 2702 cis
1032 2665 1150 2702 Sabri-
1253 2665 1272 2712 (
1300 2678 1325 2711 4
1351 2665 1370 2711 )
1401 2665 1500 2698 Mors
1529 2660 1639 2709 Regis
1665 2672 1687 2695 a
1725 2656 1864 2694 Liberis
1905 2653 1974 2690 suis
2016 2651 2081 2687 de-

284 2731 368 2754 nam
397 2717 532 2753 flumen
559 2716 752 2753 crudeliter
781 2716 990 2754 interfestus
1019 2717 1065 2752 est
1091 2730 1151 2753 ve-
1205 2715 1314 2761 serti,
1345 2726 1496 2762 cumque
1538 2721 1738 2748 extremum
1782 2708 1866 2744 vitae
1908 2703 2081 2752 spiritum

283 2781 346 2815 rm,
375 2776 415 2805 ut
442 2767 592 2816 quidam
619 2766 772 2814 volunt,
811 2768 848 2803 in
881 2776 1001 2804 ventre
1033 2767 1149 2804 trans·
1203 2775 1327 2817 ageret
1346 2795 1356 2812 ,
1384 2765 1429 2801 ab
1457 2763 1587 2799 aulicis
1618 2759 1778 2806 personis
1807 2754 1982 2810 spoliati..

284 2818 399 2855 fixus·
1255 2818 1274 2864 (
1304 2827 1321 2861 5
1355 2818 1373 2863 )
1401 2813 1582 2851 Eduardus
1614 2807 1770 2847 Eduardi
1813 2809 1881 2842 ΙΙΙ.
1924 2804 2040 2841 Filius
2069 2830 2081 2851 ‚

334 2871 353 2915 (
385 2883 402 2905 2
432 2871 451 2916 )
481 2868 636 2906 Isabella
663 2868 805 2908 Gallica
835 2867 988 2905 Edunt-di
1019 2872 1064 2905 11.
1079 2872 1149 2906 Re-
1204 2868 1313 2915 vulgo
1354 2867 1467 2913 Niger
1506 2861 1649 2906 dietus,
1693 2860 1730 2895 ὅ(
1776 2856 1874 2905 bello
1920 2855 2040 2891 clarus
2069 2882 2081 2900 ‚

281 2918 368 2975 gina
396 2920 583 2968 adultera,
612 2934 689 2969 quae
719 2919 816 2955 necis
845 2919 959 2966 Regio
988 2921 1148 2970 Coniugi
1203 2926 1288 2953 ante
1332 2922 1517 2965 parentem
1560 2911 1657 2947 obiit
1681 2936 1692 2955 ‚
1733 2908 1769 2945 δι
1812 2916 1958 2956 propter
2006 2904 2085 2941 exi-

285 2968 401 3007 illatae
428 2984 470 3007 ex
499 2971 679 3010 sententia
709 2975 824 3010 Poetae
852 2969 996 3007 conscia
1029 2970 1098 3008 fuit
1117 2998 1126 3009 .
1208 2967 1318 3006 miam
1349 2966 1526 3004 virtutem
1556 2962 1637 3000 Ensi
1667 2958 1803 2999 bellico
1833 2963 2087 3006 comparatur.
