2284 3436
680 171 722 216 C
802 174 847 217 A
928 173 971 216 R
1054 173 1109 216 M
1190 171 1214 217 Ῑ
1297 174 1345 218 Ν
1422 173 1496 217 Α.
1792 192 1882 224 121

309 247 369 292 ‘Et
414 248 610 310 Regn0‚
653 242 832 291 Genius
871 244 983 291 clari
1024 242 1212 291 Natalis
1253 244 1301 290 in
1344 243 1440 308 ipso
1899 269 1964 311 30

302 319 490 366 Limine
532 336 610 385 per
649 317 832 366 somnos
874 318 928 367 de
970 322 1041 366 Te
1089 319 1204 367 mihi
1241 318 1430 365 nuntius
1472 335 1551 367 ore

306 392 523 442 Fatidico
565 393 766 442 cecinit:
806 430 837 453 ‚,
880 394 1024 443 Sileat
1063 395 1079 458 (
1117 411 1131 439 1
1170 393 1184 456 )
1228 397 1376 442 Terra
1414 392 1568 440 omnis
1608 395 1663 443 ad
1703 415 1857 446 ortum

227 506 258 529 „
303 468 595 535 Magnanimi
635 470 807 516 Herois
852 465 975 518 nisus
1018 470 1181 517 mirata
1220 467 1462 534 superbos,

228 579 261 604 ‚‚
303 543 601 607 Virtutesque
644 543 962 603 coruscantes,
1003 561 1198 610 quarum
1237 544 1355 591 altus
1396 544 1443 590 in
1485 562 1642 593 onmes

177 665 184 672 ,
226 655 258 677 „
301 621 425 665 Luce
468 620 715 684 reperculsa
744 621 931 670 ‚Terror
971 619 1249 668 diffunditur
1289 636 1414 666 oras.
1891 641 1952 689 33

226 730 257 753 ,‚
296 693 504 742 Surrexit
548 712 693 743 novus
734 696 944 744 AEacides
969 730 980 751 ,
1025 695 1235 758 nullique
1276 691 1491 740 secundus

225 802 259 829 ‚‚
297 770 399 815 Rex
439 770 669 829 Macedo,
710 789 792 818 ceu
834 770 1018 818 flamma
1059 785 1230 826 vorax,
1275 784 1354 815 ceu
1397 766 1583 817 nimbus
1627 769 1674 817 in
1719 771 1879 820 aethra.

224 880 256 904 ‚,
298 843 483 903 Illyrici
524 844 751 909 trepidate
780 844 936 893 finus:
979 844 1164 892 horrete
1202 842 1438 902 Triballi,
1463 846 1501 909 (
1532 864 1559 895 2
1591 847 1611 908 )
1659 894 1664 897 ,

220 953 253 977 ,,
293 918 496 965 Thraces
537 920 583 966 &
621 919 1155 980 indomitiscurrusque
1194 919 1454 983 relinquite
1496 920 1664 968 vestros

219 1028 251 1051 ‚‚
294 993 483 1039 Vertice
523 991 570 1037 in
614 991 739 1038 aerio
780 990 982 1039 montis.
1021 989 1166 1037 Volat
1206 990 1287 1038 ille
1328 1009 1408 1055 per
1447 997 1667 1053 AEmum,
1890 1015 1958 1052 40

221 1104 255 1128 ‚‚
297 1065 548 1116 Terrificat
590 1066 761 1123 silvaS‚
805 1083 884 1130 per
922 1080 1104 1131 apertos
1136 1063 1324 1131 agmina
1365 1084 1549 1131 campos

222 1177 254 1202 ,‚
298 1141 487 1189 Invadit
520 1140 682 1201 simul,
724 1142 769 1188 δε
810 1141 999 1189 sternit.
1038 1143 1202 1206 Stupet
1243 1140 1382 1201 Ister,
1425 1142 1675 1192 &tundam

221 1253 252 1277 „
291 1216 518 1281 Subjicit:
544 1216 593 1263 in
638 1215 753 1263 solos
795 1232 938 1264 vento
977 1233 1122 1275 ocyus
1165 1215 1332 1263 hostica
1366 1215 1500 1264 saltus

220 1327 252 1352 ‚‚
291 1291 448 1340 Turba
488 1290 638 1357 fugit,
680 1289 919 1355 subitaque
965 1290 1084 1337 Urbs
1124 1290 1328 1337 concidit
1376 1290 1672 1343 ictafruina.

218 1402 251 1427 ‚‚
297 1372 343 1414 O
383 1365 547 1424 Theba
587 1365 707 1431 (3)
743 1364 933 1414 infelix!
976 1382 1074 1431 quae
1118 1368 1188 1413 Te
1231 1364 1464 1417 dementia
1507 1366 1657 1430 cepit,
1784 1422 1787 1423 ⁷
1886 1391 1950 1435 45

220 1477 255 1500 ‚,
298 1439 542 1488 Victorem
578 1456 634 1488 ut
676 1458 877 1506 cuperes,⁴
905 1439 1046 1506 capiti
1091 1440 1343 1506 depellere!
1390 1439 1596 1488 flammas
1740 1457 1763 1498 ‘j

218 1553 250 1575 „
292 1515 537 1563 Flucffibus
579 1516 797 1580 aequoreis
836 1517 1004 1564 similes
1048 1518 1213 1565 undare
1259 1534 1336 1581 per
1379 1516 1491 1564 aedes
1740 1536 1823 1576 nt't

217 1625 249 1652 ‚‚
288 1594 388 1647 Jarn
431 1590 598 1640 video:
641 1592 827 1640 accensa
866 1593 951 1640 stat
994 1593 1084 1640 sola
1124 1592 1338 1657 superstes
1378 1592 1426 1639 in
1469 1592 1594 1640 Urbe
1659 1604 1676 1624 ·‘

214 1699 252 1727 ‚‚
297 1664 385 1713 Illa
422 1667 606 1714 Domus
644 1705 656 1726 ‚
683 1684 798 1731 ,quae
839 1667 1104 1716 Pindaricos
1132 1667 1288 1725 ‚dedit
1312 1666 1485 1726 inclyta
1529 1684 1690 1716 cantus

215 1774 248 1798 „
288 1743 343 1788 In
385 1739 560 1788 Ludis:
604 1758 744 1789 cerno
784 1741 995 1789 manibus
1039 1740 1306 1806 postterga
1349 1740 1577 1791 revinctis
1715 1794 1719 1795 ⁷
1884 1763 1949 1807 50

216 1850 247 1872 2,
290 1812 453 1862 Millia
497 1814 644 1863 multa
684 1814 854 1867 Virum
895 1814 1071 1863 misera:
1093 1815 1290 1880 prostare
1331 1814 1408 1862 sub
1451 1813 1604 1863 hasta.

216 1925 245 1948 ‚‚
287 1893 361 1936 Te
400 1905 583 1954 quoque
626 1888 854 1955 prospicio
896 1889 1040 1950 caelis,
1082 1890 1211 1956 (4)
1258 1891 1492 1948 Granice,
1535 1905 1779 1955 gravatum

216 2000 246 2022 ‚,
288 1961 442 2012 Triste
484 1963 783 2012 cadaveribus
826 1964 958 2013 tardo
999 1964 1244 2013 molimine
1287 1964 1452 2013 fluE‘tus
1507 1992 1509 1994 ·
1582 2014 1592 2019 ἤ

217 2073 247 2097 ‚,
289 2039 524 2087 Volvere.
566 2043 664 2095 Jam
707 2038 872 2100 Tyriis
917 2044 1031 2089 Dux
1075 2038 1255 2089 arcibus
1300 2039 1463 2098 instat,
1505 2043 1551 2088 8<
1589 2040 1703 2088 illa,

213 2148 243 2172 ,‚
285 2113 371 2161 Illa
414 2129 577 2178 potens
616 2114 796 2179 Regina
835 2115 971 2162 maris
1013 2115 1233 2163 labefacta
1276 2115 1534 2173 recumbit,
1884 2134 1939 2178 55

214 2222 242 2244 ,‚
286 2188 635 2253 Thesaurosque
679 2205 847 2251 pavens
889 2187 1068 2253 aperit,
1111 2188 1398 2253 pretiosaque
1438 2189 1556 2236 dona

216 2297 249 2319 ‚‚
290 2263 572 2310 Accumulat
614 2263 856 2330 Domino3
897 2262 1052 2313 Pharii
1092 2262 1366 2329 pulcerrima
1409 2262 1537 2329 regni

211 2370 241 2395 ,‚
286 2335 448 2384 Altera
490 2337 581 2402 jam
621 2337 762 2404 surgit
806 2354 988 2387 mutato
1028 2339 1044 2403 (
1082 2340 1155 2405 5)
1199 2338 1347 2405 Regia
1395 2338 1552 2386 vultu.

212 2445 244 2467 „
285 2411 449 2471 Qualis
490 2411 545 2460 ad
586 2413 711 2479 (6)
750 2414 989 2464 Arbellam
1031 2413 1222 2480 strages!
1265 2430 1381 2478 quot
1423 2430 1615 2479 corpora
1657 2412 1778 2462 ferro

1214 2490 1279 2548 Q
1697 2522 1729 2546 ‚‚
1769 2491 1871 2535 Per-

183 2703 205 2749 (
242 2715 257 2740 1
289 2704 309 2751 )
338 2704 480 2754 Incipit
506 2705 730 2745 Vaticinium
758 2708 868 2746 Genii
897 2705 940 2743 de
953 2718 1010 2743 te·
1115 2709 1135 2755 ζ
1161 2720 1186 2754 4
1215 2709 1234 2756 )
1263 2706 1416 2746 Flavius
1445 2708 1594 2758 Myfiae,
1623 2707 1670 2746 ad
1696 2720 1802 2757 quem
1821 2709 1937 2746 6000,

130 2752 196 2790 bus
222 2753 268 2790 ab
295 2755 498 2794 Alexandro
525 2758 668 2807 egregie
698 2758 912 2806 patrandis.
1063 2757 1250 2796 Persarum
1278 2760 1366 2797 caesa
1395 2758 1475 2796 sunt
1492 2787 1502 2797 .

182 2803 205 2850 (
234 2817 253 2842 2
283 2805 303 2851 )
330 2807 460 2854 Populi
490 2808 651 2856 Moefiae‚
681 2809 789 2846 hodie
819 2809 996 2856 Bulgari.
1113 2810 1134 2856 (
1164 2820 1181 2854 5
1213 2812 1232 2857 )
1261 2810 1356 2847 Urbs
1384 2809 1530 2848 scilicet
1558 2810 1785 2849 Alexandriae
1812 2808 1859 2847 ab
1886 2812 1935 2846 A-

181 2854 204 2901 (
234 2866 252 2903 3
287 2862 308 2901 )
335 2856 547 2896 Thebarum
574 2861 708 2897 eversio
751 2867 918 2898 manente
947 2860 1002 2896 in·
1059 2859 1234 2897 lexandro
1263 2860 1318 2898 ita
1347 2858 1452 2898 distae
1471 2888 1480 2896 .

130 2903 270 2942 columi
293 2918 367 2963 una
395 2907 538 2946 Bindari
568 2913 689 2948 Domo
715 2937 727 2957 ,
766 2924 877 2961 quam
917 2912 1000 2950 Ale·
1104 2912 1124 2958 (
1152 2913 1177 2948 6
1204 2912 1224 2958 )
1253 2912 1402 2949 Arbella
1422 2911 1551 2958 vicus,
1583 2922 1690 2959 quem
1729 2910 1790 2947 sua
1828 2909 1930 2950 clade

129 2954 265 2993 xander
292 2952 468 2996 intastam
494 2958 614 2997 voluit
632 2988 643 2998 .
1051 2961 1215 3000 nobilem
1242 2960 1331 3002 fecit
1358 2962 1492 3001 Darius
1519 2962 1701 3002 Persarum
1728 2964 1807 3001 Rex
1824 2988 1834 2998 .
