2284 3436
375 194 443 251 95
703 187 1232 243 JOANNIS
1378 186 1754 233 COSTA

446 262 616 314 Audiri
659 281 877 321 caveam,
922 261 1119 324 fifflaque
1163 257 1414 323 liquescere
1458 276 1574 306 voce
2011 272 2103 316 103

449 339 664 388 imbelles
707 336 904 394 animae,
946 340 991 386 δε
1033 334 1278 383 muliebria
1319 334 1453 382 corda
1493 334 1731 396 vjrorurn.

1099 410 1393 466 Philocaenus.

444 488 652 546 Felices,
695 486 863 553 quibus
909 485 989 536 ista
1032 485 1201 535 licent!

1055 592 1057 594 -
1108 561 1330 607 Eubulus.

1212 638 1327 694 Quae
1367 631 1458 679 sola
1502 631 1713 697 sequaces

454 711 700 761 Mentibus
741 713 978 777 expellunt
1021 728 1177 767 curas,
1223 708 1518 772 mulcentque
1565 708 1820 766 tumultus,

460 792 527 836 Et
571 785 774 834 stimulos
817 787 1123 835 defletorum.

1106 860 1375 906 Philocaenus
1394 893 1407 904 .

1181 932 1313 994 Quin
1357 930 1566 997 protinus
1607 930 1741 978 ambo

460 1014 639 1069 Nunc,
682 1012 890 1070 Eubule‚
937 1010 1065 1057 simul
1109 1009 1361 1073 spes-iatum
1405 1005 1674 1071 pergimus?

1155 1082 1378 1128 Eubulus.

1683 1151 1804 1200 Illuc
2018 1171 2118 1206 110

465 1237 724 1298 Nunquam
763 1233 927 1283 stultus
969 1232 1110 1281 homo
1153 1228 1303 1279 acceffi
1328 1265 1341 1287 ‚
1389 1245 1469 1276 nec
1512 1226 1676 1276 stultus
1717 1226 1884 1276 adibo.

1137 1307 1434 1354 Philocaenus.
1471 1341 1478 1346 2

465 1385 520 1430 In
565 1386 894 1433 Matronarurn
926 1382 1111 1441 saltem,
1154 1385 1443 1442 Coetumque
1485 1378 1708 1426 Virorum

463 1458 742 1507 Nostrorum
783 1458 972 1509 venias.
1018 1449 1020 1454 ’

1191 1532 1418 1579 Eubulus.

1435 1606 1548 1652 Non
1564 1603 1624 1650 est
1640 1598 1755 1649 mihi
1773 1614 1950 1666 tempus
1966 1604 2127 1651 aventi

466 1682 716 1747 Grajorum
756 1682 899 1730 libros
939 1682 1157 1731 evolvere
1200 1679 1612 1744 Philosophorum,

469 1759 646 1822 Spretis
687 1757 958 1816 nonnullis,
999 1775 1115 1822 quos
1156 1754 1342 1815 Gallia,
1387 1756 1434 1802 &
1479 1753 1657 1819 Anglia
1698 1750 1850 1798 misit.
2028 1770 2120 1817 115

715 1843 720 1846 ’
1180 1831 1452 1877 Philocaenus
1471 1857 1484 1871 .

462 1910 550 1957 Nae
590 1921 640 1954 tu
680 1907 817 1957 durus
858 1910 1030 1964 homo,
1071 1905 1153 1971 qui
1192 1903 1348 1954 Stoica
1381 1903 1596 1971 dogmata
1639 1916 1764 1949 totus

463 1980 618 2046 Usque
658 1999 842 2047 crepas,
882 1982 1088 2046 ridesque
1131 1980 1276 2038 alios,
1325 1977 1406 2044 qui
1449 1976 1654 2025 moribus
1692 1974 1882 2033 iisdem,

469 2060 545 2105 Ac
588 2072 667 2115 tu,
707 2075 802 2105 non
843 2058 1044 2106 vivunt.
1084 2054 1279 2114 Nescis,
1321 2052 1532 2112 Eubule‚
1575 2066 1751 2116 paratas
1824 2033 1849 2064 ⁸

465 2130 677 2178 Delicias
715 2132 954 2192 Homini,
995 2130 1139 2180 nescis
1178 2131 1293 2177 bene
1334 2128 1518 2179 vivere.
1563 2128 1734 2187 Nunc,
1775 2142 1927 2184 nune,

468 2209 599 2254 Ante
641 2207 880 2272 procellosi
919 2224 1057 2274 quam
1100 2204 1253 2253 saeviat
1297 2220 1403 2251 aura
1445 2199 1736 2269 AquiloniS,
2028 2219 2132 2253 120

473 2281 615 2328 Flore
655 2282 907 2331 coronandi
951 2282 1100 2330 crines
1124 2320 1138 2342 ‚
1178 2294 1452 2346 pratumque
1495 2297 1574 2344 per
1614 2293 1754 2324 omne

468 2355 612 2422 Signa
652 2357 911 2422 voluptatis
952 2357 1109 2423 paffim
1154 2354 1408 2419 linquenda
1447 2351 1682 2418 supersunt

466 2431 662 2479 Laetitiae
704 2433 891 2481 nostrae.
932 2436 1130 2482 Pereant
1169 2431 1448 2497 quicumque
1490 2430 1657 2477 volunt
1700 2442 1784 2473 nos

462 2504 747 2555 Abstinuiffe
786 2507 917 2557 bonis
960 2507 1176 2573 placitis,
1217 2505 1503 2569 nimiumque
1544 2502 1722 2551 severos

470 2579 709 2631 Inducunt
748 2600 926 2645 mores,
967 2583 1176 2631 humanae
1214 2579 1509 2629 incommoda
1552 2578 1704 2627 Vitae.
2025 2591 2119 2635 125

1145 2658 1368 2705 Eubulus.

472 2731 552 2777 An
592 2732 818 2798 tuigitur
859 2734 1010 2784 foedos
1046 2731 1237 2802 Epicuri
1276 2732 1331 2781 de
1369 2748 1506 2799 grege
1544 2744 1705 2796 porcos

475 2802 563 2852 Vis
601 2805 812 2856 homines
844 2808 943 2858 fieri
959 2817 987 2855 .2

1913 2961 2059 3010 Philo-
