2284 3436
349 206 416 251 40
927 188 965 231 L
1043 185 1067 232 I
1146 188 1182 233 B
1262 188 1303 232 E
1381 187 1423 231 R

275 284 320 330 7.
360 265 464 310 Sola
503 261 647 308 Virtus
687 259 955 306 Felicitatem
997 259 1241 321 constitnit,
1283 258 1398 321 quod
1435 256 1662 319 respiciat,
1705 274 1797 318 qtae
1839 258 2073 304 communia

373 364 379 369 ·
417 340 526 401 sunt
566 337 760 383 omnibus
792 372 804 392 ‚
846 336 902 380 (9⁴
944 349 1098 382 aeterna
1191 323 1374 381 Virtutis
1408 347 1534 395 porro
1575 331 1786 393 Perfefiio
1827 332 1872 378 in
1911 349 1953 379 eo
1983 332 2075 386 fita

427 415 520 472 est,
564 428 609 458 ut
651 412 832 457 Divinae
876 411 1176 458 Providentia?
1216 408 1386 464 consilio
1419 410 1464 471 ste
1497 411 1544 471 st:
1585 409 1891 464 accommodet,
1935 407 1990 450 (9‘
2030 408 2079 450 in

424 489 506 535 hac
545 505 692 548 reque,
728 506 778 534 ac
818 488 862 533 in
905 488 1046 532 altera
1086 486 1219 539 vita,
1265 485 1399 529 eidem
1431 486 1478 544 se
1508 484 1553 543 se
1585 480 1824 545 subjiciat.

277 712 429 856 O
482 712 617 761 Felix
660 715 792 768 SorS,
831 728 860 757 o
905 709 1034 758 nobis
1078 712 1212 757 Meta
1253 707 1402 765 alma,
1445 706 1707 771 Voluptas,

517 793 642 847 Pax,
685 785 933 843 Dulcedo,
978 789 1192 844 Bonum,
1234 783 1401 849 quovis
1445 781 1520 830 sub
1564 783 1752 831 nomine
1793 781 1967 845 semper

426 864 604 914 Nescio
638 861 750 926 quid
792 861 978 927 praesens
1027 858 1211 924 suspiria
1252 860 1399 906 nostra
1442 875 1666 924 movere3

423 944 471 987 O
510 943 616 996 Tu,
661 937 735 984 cui
777 935 964 988 ferimus
1003 936 1192 992 Vitam,
1241 937 1540 996 Mortemque
1583 950 1832 989 vocamus,

423 1014 674 1070 Proxima,
715 1015 760 1060 δε
804 1010 992 1058 ulterior
1035 1010 1233 1074 semper,
1274 1008 1479 1073 negleS'ta
1529 1005 1678 1071 fugaci
2047 1019 2070 1066 3

419 1089 563 1137 Stulti
604 1086 770 1146 oculo,
807 1084 1081 1150 geminaque
1123 1084 1326 1145 Sophum
1363 1080 1441 1127 sub
1486 1079 1689 1143 imagine
1732 1080 1921 1140 ludens,

421 1169 530 1211 Huc
575 1180 625 1209 tu
670 1160 701 1206 fi
750 1158 868 1222 lapsa
910 1176 984 1216 es,
1027 1156 1185 1205 caelest-i
1227 1175 1250 1204 e
1298 1154 1466 1203 semine
1506 1154 1699 1215 Planta,

424 1238 553 1295 Dic,
602 1253 696 1299 quo
741 1234 929 1282 mortali
970 1251 1064 1282 non
1106 1230 1276 1297 spernis
1318 1229 1508 1278 crescere
1550 1228 1597 1276 in
1637 1230 1778 1278 arvo?

418 1319 571 1363 Te-ne
613 1308 759 1374 aperit
798 1308 969 1357 blandae
1007 1306 1158 1356 radius
1198 1304 1465 1373 genitabilis
1506 1302 1677 1352 Aulae?

416 1396 556 1439 Anne
597 1402 722 1433 tenet
764 1384 919 1433 rutilis
962 1385 1258 1431 adamantum
1296 1381 1480 1428 flamma
1523 1376 1738 1426 fodinis?
2019 1395 2081 1428 10

421 1468 574 1513 Te-ne
618 1461 705 1508 suis
747 1464 919 1509 Laurus
964 1459 1093 1508 sertis
1135 1456 1356 1506 Parnaffia
1400 1453 1579 1502 vincit?
1924 1452 1927 1454 ’

418 1546 556 1588 Anne
598 1536 647 1587 in
690 1535 939 1601 sanguineo
982 1534 1153 1582 Martis
1194 1532 1328 1580 metit
1369 1547 1550 1596 aequore
1592 1528 1798 1577 ferrum?

420 1618 530 1673 Qua
570 1613 642 1658 Te
683 1610 989 1668 crescentem,
1035 1627 1123 1674 qua
1168 1626 1262 1657 non
1297 1606 1480 1672 regione
1527 1622 1731 1669 petamus
1756 1609 1781 1648 ?

425 1688 665 1744 Culmrae,
708 1685 827 1733 haud
867 1684 965 1752 agri
1005 1684 1156 1741 vitio,
1195 1683 1323 1730 labor
1365 1680 1522 1729 irritus
1558 1678 1738 1727 omnis.

421 1764 563 1812 Haud
605 1778 734 1809 certae
774 1762 911 1809 affixa
950 1760 1010 1807 est
1051 1758 1155 1808 Sedi
1195 1762 1298 1806 Sors
1338 1755 1574 1822 prospera,
1616 1757 1659 1801 δε
1693 1754 1830 1801 Illam
2017 1768 2074 1814 13

421 1839 515 1885 Vel
560 1836 785 1900 nusquam
828 1837 1025 1899 reperire
1066 1835 1207 1891 licet,
1247 1832 1321 1878 vel
1364 1830 1533 1894 ubique
1578 1830 1816 1895 locorum3

419 1913 558 1960 Haud
605 1910 754 1976 pretio
798 1910 922 1975 potis
963 1908 1051 1956 Illa
1092 1908 1222 1973 capi,
1263 1924 1361 1970 quae
1400 1904 1543 1952 libera
1583 1903 1755 1968 semper

416 1986 582 2035 Evitat
621 1991 800 2050 Reges,
846 2001 1114 2048 tecumque,
1157 1982 1494 2036 HENRICE,
1543 1995 1772 2027 moratur.

416 2065 582 2121 Quaere
623 2062 746 2107 viam
788 2077 812 2106 a
853 2058 1049 2106 Dofflis:
1088 2059 1349 2106 Do&0rum
1393 2053 1567 2103 Semita
1607 2070 1721 2101 caeca
1761 2052 1849 2102 est.

422 2136 650 2184 Inservire
691 2133 791 2181 aliis
832 2134 959 2199 jubet
1000 2133 1105 2191 hic,
1152 2133 1305 2200 fugere
1349 2131 1460 2178 ille:
1505 2130 1684 2176 beatam
2009 2145 2079 2178 20

419 2212 518 2259 Hic
558 2210 686 2258 Astu
735 2213 940 2267 Sortem,
985 2225 1114 2274 putat
1159 2209 1241 2256 ille
1283 2206 1456 2267 Quiete
1503 2203 1677 2269 parari,

419 2286 615 2351 Parsque
657 2283 960 2349 VoluptatiS,
1003 2302 1102 2349 pars
1143 2284 1299 2332 Gaudi
1345 2279 1537 2329 nomine
1579 2278 1750 2343 signat.

415 2364 560 2410 Bruta
602 2358 719 2406 infra
766 2358 786 2425 (
821 2378 839 2409 1
875 2358 892 2423 )
931 2358 1117 2422 abjeffis
1160 2357 1279 2424 perit
1324 2356 1412 2404 Illa
1454 2354 1671 2412 Dolore,
1716 2357 1914 2418 Deoque
1954 2354 2076 2418 (2)

419 2433 602 2483 Inflatis
645 2433 768 2481 nihil
809 2434 898 2494 est,
943 2432 1025 2481 nist
1066 2436 1251 2482 Nomen
1295 2428 1461 2479 inutile
1504 2428 1699 2494 Virtus3

419 2515 489 2557 At
531 2507 650 2558 lenti
694 2508 912 2574 ingenio,
955 2508 1060 2555 dum
1107 2508 1204 2568 nil,
1247 2525 1325 2555 aut
1364 2504 1523 2553 omnia
1563 2503 1786 2564 credunt,
2009 2523 2067 2570 25

417 2585 556 2633 Caeco
596 2583 822 2650 lapsantes
861 2582 1079 2649 utrinque
1121 2601 1270 2632 errore
1320 2596 1566 2630 tenentur.

1882 2651 1999 2712 Quis

314 2818 331 2866 (
364 2829 378 2854 ¹
410 2823 431 2864 )
457 2822 669 2871 Epicureis·
1193 2823 1264 2867 iam
1293 2819 1365 2866 iam
1393 2816 1589 2857 moriturus
1616 2813 1801 2851 Virtutem
1828 2810 1925 2847 suam
1945 2837 1956 2857 ,
1986 2815 2067 2846 tan.

314 2871 334 2916 (
364 2883 383 2905 ²
414 2879 433 2917 7¹
465 2877 542 2911 HOC
570 2870 739 2920 intellige
777 2873 820 2909 de
867 2872 1004 2911 Stoicis
1032 2901 1043 2922 ,
1073 2875 1137 2924 qui
1192 2884 1304 2920 quam
1328 2883 1405 2910 rem
1431 2867 1583 2914 caffam,
1611 2864 1648 2903 ἃ
1675 2863 1844 2903 inutilem
1873 2860 2063 2899 detestare-

261 2917 305 2953 de
334 2922 392 2956 sua
420 2922 510 2960 falsa
537 2924 682 2961 Virtute
711 2921 989 2971 gloriabantur,
1018 2927 1056 2963 δι
1083 2927 1140 2963 in-
1194 2931 1252 2962 tur
1270 2949 1279 2960 .

260 2967 305 3004 de
332 2971 366 3007 se
396 2970 524 3013 beatos
553 2973 734 3025 putabant
758 3001 770 3023 ‚
812 2974 979 3024 quamvis
1007 2979 1139 3016 Brutus
