2284 3436
369 205 435 251 24
992 187 1032 233 L
1112 187 1134 233 Ι
1213 187 1249 231 Β
1330 187 1370 232 Ε
1449 188 1495 231 R

450 265 607 323 Quam
648 279 743 310 non
784 261 1038 319 Gloriolae,
1069 259 1285 309 Probrive
1329 259 1492 308 educat
1533 256 1693 324 origo.

443 337 687 386 Virtutem
725 339 741 402 (
778 335 928 386 doleat
967 337 1124 384 Fastus
1157 335 1172 397 )
1217 339 1400 385 Natura
1441 327 1711 399 propinquis
1990 346 2082 397 195

440 412 674 463 Annetstit
718 411 895 471 VitiiS,
939 414 984 459 8<
1026 409 1252 459 deteriora
1294 425 1499 476 petentes

441 486 663 536 Sublimis
706 484 850 535 Ratio
891 487 946 533 ad
986 484 1183 549 speciem
1222 484 1410 532 deducit
1452 481 1678 548 Honesti3

443 560 782 627 Regnafl‘etque
822 562 985 615 Nero,
1029 554 1078 602 ni
1119 557 1260 603 Mens
1301 553 1484 600 adversa
1523 553 1702 617 sufflet,

440 640 545 684 Ceu
585 634 759 700 Titus;
799 647 935 697 atque
975 629 1136 687 ferox,
1176 627 1400 692 exosaque
1438 629 1525 676 Vis
1569 629 1790 678 Catilinae

447 707 624 760 Allicit
653 707 704 756 in
739 707 894 757 Decio
923 705 1034 770 (1),
1062 703 1224 752 divina
1255 703 1302 751 in
1331 702 1512 768 peciore
1543 704 1681 753 Curti
1710 709 1770 771 (2
1806 704 1821 764 )
1854 704 1914 749 est
1934 740 1944 751 .
1988 723 2091 755 200

445 782 685 842 Destruit,
726 798 804 832 aut
845 781 1025 839 servat,
1067 778 1238 828 Civem
1282 778 1370 825 fine
1410 777 1506 845 lege
1550 778 1770 827 rebellem

444 858 697 919 Ambitio,
737 876 816 908 aut
854 857 1019 906 fortem
1061 854 1220 904 Patriae
1261 852 1461 920 paritura
1492 854 1790 902 Ministrum.

446 935 568 996 Quis
606 951 744 998 queat
784 934 871 981 hoc
911 930 1112 980 nostrum
1152 929 1380 988 tenebris,
1424 931 1469 976 8<
1508 929 1684 976 lumine
1728 930 1925 977 mixtum

443 1010 632 1058 Solvere
675 1008 797 1057 triste
836 1007 1019 1056 Chaos?
1060 1006 1215 1053 nostrae
1257 1008 1387 1052 Deus
1427 1002 1580 1051 incola
1621 1004 1830 1051 Mentis.

441 1082 647 1136 Effec'tus
689 1083 854 1147 pariles
896 1085 1084 1129 Naturae
1124 1084 1347 1126 Extrema
1390 1079 1659 1134 recludunt,
1702 1075 1778 1141 (3
1814 1075 1832 1137 )
1993 1093 2087 1140 203

447 1162 594 1221 Inque
635 1155 844 1203 Homine
884 1170 1072 1201 arcanos
1118 1153 1273 1200 eadem
1315 1152 1568 1218 junguntur
1609 1150 1663 1199 ad
1704 1151 1839 1210 usus,

448 1229 678 1292 Quamvis
718 1228 901 1278 alternis
942 1243 1117 1278 certent
1160 1227 1202 1275 se
1245 1224 1487 1284 invadere,
1532 1243 1582 1274 ut
1624 1226 1789 1274 umbrae
1817 1261 1830 1284 ‚

446 1306 739 1370 Luminaque
780 1321 939 1372 arguta
979 1306 1089 1351 bene
1130 1301 1261 1367 pi&ae
1302 1304 1350 1350 in
1391 1301 1595 1367 imagine
1635 1301 1769 1358 telae,

447 1383 696 1446 Mixtaque
737 1381 824 1429 fint
864 1382 976 1427 adeo
1016 1377 1143 1426 tenui
1184 1374 1475 1434 discrimine,
1520 1391 1568 1423 ut
1609 1393 1736 1423 ortus

448 1460 502 1504 Se
548 1456 674 1504 Vitii
717 1456 919 1523 pariter,
965 1451 1182 1516 limesque
1227 1450 1470 1501 abscondat
1512 1447 1737 1498 Honesti.
1994 1463 2094 1499 210

447 1535 496 1579 O
537 1531 661 1578 stulti
702 1531 866 1590 nimis,
907 1529 1014 1576 hinc
1053 1528 1258 1585 nullam,
1301 1528 1581 1594 quicumque
1624 1525 1830 1590 putatis,

450 1605 691 1654 Virtutem
736 1606 784 1653 in
825 1601 985 1661 nobis,
1025 1603 1303 1666 VitIumque
1345 1602 1532 1650 existere
1573 1601 1782 1648 nullum!

453 1686 592 1730 Anne
618 1718 630 1738 ‚
674 1680 795 1746 quod
832 1677 1101 1726 omnimoda
1141 1677 1265 1725 color
1303 1676 1427 1725 albus
1466 1674 1655 1723 mollius
1695 1691 1795 1724 atro

454 1761 572 1804 Arte
612 1755 664 1802 sit
703 1754 965 1815 admixtus,
1007 1751 1159 1803 nullus
1200 1755 1326 1802 color
1365 1752 1519 1808 albu3‚
1561 1753 1604 1798 ὅ(
1647 1756 1783 1798 ater?

448 1830 652 1878 Consule
691 1833 789 1877 Te:
823 1846 890 1875 res
930 1828 1024 1892 ipsa
1072 1829 1157 1875 tibi
1199 1827 1240 1874 se
1281 1827 1456 1892 fulgida
1498 1825 1647 1871 sistet:
1989 1840 2086 1885 213

444 1903 720 1969 Temporis,
766 1905 810 1950 &
852 1904 989 1949 multi
1027 1902 1116 1960 est,
1160 1901 1292 1950 illam
1330 1900 1593 1957 obscurare,
1634 1897 1827 1949 laboris.

446 1978 625 2027 Infandi
669 1980 729 2027 est
774 1977 958 2025 Vitium
1001 1975 1186 2025 monstri
1225 1994 1395 2042 genus:
1433 1975 1584 2022 oderis
1623 1972 1739 2020 illud

452 2054 501 2101 Si
543 2052 680 2101 semel
724 2050 974 2118 adspicia33
1017 2052 1089 2100 sed
1135 2050 1256 2098 idem
1298 2049 1383 2098 tibi
1425 2049 1529 2113 saepe
1572 2047 1720 2096 tuenti

451 2131 605 2177 Exuet
645 2129 878 2175 horrorem
921 2127 1108 2185 senfim,
1149 2127 1437 2191 primumque
1477 2122 1569 2188 pati
1613 2140 1655 2170 te

452 2206 636 2269 Coget,
677 2220 827 2250 amare
867 2202 1063 2261 dehinc,
1093 2201 1275 2250 tandem
1309 2197 1608 2264 compleclier
1650 2198 1803 2247 ultro.
1836 2194 1962 2264 (4)
1998 2214 2092 2243 220

446 2282 514 2327 At
557 2276 673 2325 nulli
716 2295 838 2325 certa
878 2278 937 2325 est
979 2277 1105 2326 Vitii
1148 2294 1251 2342 pars
1295 2276 1496 2322 ultima.
1539 2276 1704 2332 Quaere

447 2352 589 2413 Quod
628 2351 682 2401 sit
723 2351 979 2402 finitimum
1019 2357 1176 2403 Boreae
1218 2353 1359 2399 latus·
1400 2347 1539 2397 Unda
1579 2348 1748 2396 Tuedae
1794 2350 1810 2413 (
1846 2365 1868 2411 5
1903 2346 1920 2408 )

1850 2422 2022 2470 Ebora-

347 2570 368 2616 (
397 2579 413 2604 1
445 2567 465 2615 )
492 2566 630 2614 Decii,
657 2573 732 2605 tres
769 2567 866 2607 cives
908 2569 1064 2608 Romani
1094 2571 1161 2607 Pa·
1263 2568 1284 2614 <
1311 2579 1336 2613 4
1363 2566 1382 2613 )
1421 2562 1562 2601 Vitium
1606 2561 1642 2598 in
1683 2560 1719 2597 se
1758 2558 1954 2610 speciatum
2003 2570 2094 2596 nun-

298 2626 380 2666 ter‚
408 2619 546 2665 Filius,
577 2621 727 2668 Nepos,
745 2619 784 2657 in
813 2619 912 2658 bello
941 2621 975 2658 se
1005 2634 1069 2670 pro
1099 2634 1165 2670 pa·
1218 2631 1325 2667 quarn
1355 2615 1511 2653 amabile
1539 2614 1604 2650 effe
1633 2612 1770 2661 potest.
1811 2612 1872 2648 Fit
1900 2619 2022 2647 tamen
2052 2622 2093 2646 a-

295 2670 367 2708 tcia
394 2669 635 2708 devoverunt.
1219 2667 1395 2718 liquando
1424 2664 1566 2703 malitia
1595 2664 1782 2700 hominum
1800 2688 1811 2709 ‚
1854 2670 1893 2698 ut
1921 2660 1983 2696 sub
2011 2659 2089 2707 spe-

348 2723 369 2762 (
398 2733 417 2756 2
449 2722 469 2768 )
499 2723 553 2756 M.
580 2721 728 2757 Curtius
769 2735 878 2770 eques
917 2726 1102 2761 Romanus
1129 2737 1169 2760 a·
1221 2721 1276 2757 cie
1305 2718 1395 2756 Boni
1424 2713 1853 2765 excipiatur‚obcaecato
1883 2710 1955 2754 iam
1985 2711 2093 2746 Men-

299 2779 402 2818 perta
433 2771 469 2808 in
496 2770 577 2808 foro
620 2771 761 2820 ingenti
807 2774 976 2823 voragine
1022 2775 1066 2812 ad
1106 2787 1167 2811 ex·
1221 2771 1271 2809 tis
1301 2768 1469 2806 lumine.

297 2821 472 2869 piandum
514 2820 724 2871 prodigium
770 2822 803 2860 se
844 2824 881 2862 in
925 2824 1039 2874 ipsam
1097 2826 1167 2863 im·
1270 2822 1336 2868 (5
1367 2821 1386 2866 )
1414 2818 1540 2855 Tueda
1569 2817 1702 2853 flumen
1740 2826 1761 2850 a
1798 2812 1918 2849 Scotia
1956 2810 2094 2849 Ebora·

300 2872 419 2910 misit·
1219 2884 1300 2910 cum
1330 2869 1470 2917 Angliae
1501 2865 1725 2912 provinciam
1766 2863 1900 2900 dividit
1932 2890 1940 2898 .
1979 2864 2091 2899 Orca-

344 2923 363 2968 (
393 2936 409 2971 3
440 2925 460 2971 )
489 2926 594 2972 AEque
622 2922 772 2963 arefacit
801 2933 999 2966 extremum
1025 2927 1161 2978 frigus,
1214 2923 1276 2959 des
1305 2931 1412 2968 porro
1444 2917 1573 2955 scotiae
1601 2915 1723 2955 insula:
1752 2913 1892 2953 suntad
1923 2916 2089 2962 Septem-¹

291 2978 400 3020 atque
427 2982 608 3013 extremus
634 2974 760 3015 calor.
1215 2972 1374 3011 trionem
1402 2968 1547 3019 positae.
