2284 3436
739 108 771 153 S
810 107 851 152 E
894 110 938 154 C
977 108 1023 153 U
1066 109 1113 155 N
1155 109 1206 154 D
1244 111 1291 156 U
1332 114 1360 157 S
1384 146 1396 159 .
1784 129 1840 168 19

290 179 545 230 Mortalem
586 182 775 228 Mentes
817 178 1077 227 Hominem
1120 178 1279 228 videre
1318 182 1515 245 supernae

281 255 467 303 Miratae
507 253 743 321 ingenium
776 269 956 302 terreno
995 254 1043 302 in
1083 272 1306 321 corpore,
1351 258 1395 302 &
1438 253 1518 301 ille

276 329 355 376 Est
399 331 519 378 visus
560 329 737 395 sapiens
781 334 1066 380 Nevvtonus
1106 329 1234 378 fimia
1278 330 1431 379 Caelo.

271 406 410 452 Anne
453 407 498 452 Is
538 404 810 471 praerapidos
850 405 1010 454 doetus
1049 404 1230 455 vincire
1267 409 1488 455 Cometas
1855 425 1915 472 35

273 481 434 526 Unum
476 480 619 526 animi
664 481 818 544 potuit
860 495 1041 527 tantum
1084 480 1326 528 decernere
1366 478 1576 529 motum?

279 552 378 611 Qui
421 553 522 601 tolli
564 553 639 601 hic
683 552 874 612 Stellas,
913 552 1013 600 illic
1050 551 1320 602 descendere
1359 554 1511 609 vidit,

282 632 423 675 Anne
463 631 507 676 Is
552 627 922 693 principiumque
961 625 1119 684 suum,
1158 625 1390 693 finemque
1429 624 1626 674 retexit?

280 702 444 763 Quale·
471 704 562 751 heu
602 701 885 768 prodigium!
923 700 1082 750 Nostri
1127 705 1234 749 Pars
1274 703 1480 767 optima,
1519 701 1713 749 vincens

279 780 484 842 Quaeque
531 778 727 825 obstacla
767 776 914 840 potest
957 794 1014 825 ex
1052 781 1170 825 Arte
1211 777 1429 844 assurgere
1469 776 1518 825 in
1562 779 1759 846 Artem3
1846 798 1913 843 40

276 856 346 900 At
387 852 624 918 proprium
662 852 888 899 Mortalis
929 856 1062 918 Opus
1108 851 1194 899 vix
1233 854 1406 918 coepit,
1451 852 1499 900 id
1544 869 1684 901 omne
1724 856 1740 919 (
1780 871 1799 903 1
1835 853 1852 918 )

274 927 414 985 Quod
458 932 639 976 textum
678 928 740 976 est
784 927 973 985 Menti,
1014 926 1220 975 dissolvit
1260 927 1359 976 dira
1402 926 1618 993 Cupido.

275 1004 347 1048 Sit
395 1001 483 1049 tibi
527 1002 620 1050 dux
660 1001 803 1068 igitur
849 1002 994 1068 gressu
1035 1003 1268 1051 Doctrina
1307 1003 1540 1062 modestO,

273 1077 377 1123 Nec
421 1080 604 1141 Pompa,
636 1074 782 1124 insani
824 1076 979 1123 Fastus
1018 1077 1268 1125 comitetur
1306 1095 1520 1126 euntem:

274 1151 479 1198 Detrahe
522 1150 756 1215 quaelitum
803 1152 1012 1210 cultum,
1054 1151 1237 1216 lateque
1282 1153 1514 1201 nitentem
1845 1172 1908 1219 43

272 1223 562 1286 Luxuriem,
611 1227 656 1272 δε
704 1224 861 1274 doctas
901 1242 1042 1291 nugas
1069 1263 1083 1286 ‚
1136 1228 1182 1273 8<
1223 1226 1449 1292 quidquid
1492 1227 1617 1275 acuti

272 1302 501 1347 Humanae
547 1299 782 1348 ostentant
818 1300 1001 1348 Mentis
1039 1302 1314 1359 conamina,
1357 1319 1526 1351 vanam

163 1378 209 1409 Θ
270 1374 506 1423 Laetitiam
557 1375 676 1422 male
714 1374 866 1423 solerti
909 1375 1125 1423 stillantia
1167 1394 1335 1440 poena:

271 1450 416 1497 Tolle
456 1450 813 1514 supervacuum,
853 1447 1046 1515 praecide
1088 1452 1212 1514 quod
1251 1450 1455 1518 undique
1496 1453 1670 1502 circum

271 1522 508 1572 Excrescit
548 1529 755 1584 Rerum,
797 1524 986 1573 Vitium
1033 1542 1146 1589 quas
1189 1527 1334 1574 vertit
1376 1529 1424 1574 in
1465 1532 1645 1577 Artes:
1857 1547 1919 1592 50

231 1598 433 1663 -Aspice
472 1597 604 1656 dein,
649 1598 809 1665 primis
848 1599 985 1649 fuerit
1026 1617 1163 1664 quam
1209 1617 1338 1651 curta
1379 1602 1584 1667 supellex

267 1674 543 1733 Mentibus,
590 1676 635 1721 &
679 1674 799 1724 seros
849 1676 902 1723 fit
944 1675 1139 1741 adusque
1179 1677 1332 1727 futura
1372 1682 1614 1744 Nepotes.

268 1749 423 1796 Rebus
462 1749 510 1795 in
550 1749 765 1797 humanis
804 1751 992 1815 capiunt
1032 1751 1125 1798 duo
1163 1754 1366 1801 maxima
1407 1771 1637 1818 regnum,

274 1826 400 1871 Cura
445 1821 537 1880 sui,
581 1825 626 1870 δε
666 1823 810 1873 Ratio
848 1826 866 1889 (
898 1844 924 1875 2
956 1823 1003 1885 ).
1041 1826 1196 1874 Tenet
1235 1830 1375 1885 Haec,
1413 1844 1497 1874 nos
1535 1829 1705 1876 incitat
1745 1830 1862 1877 Illa:

269 1898 359 1945 Illa
399 1895 614 1957 Malum,
659 1899 920 1963 pariterque
958 1902 1135 1946 Bonum
1176 1901 1296 1967 fugit
1339 1901 1429 1949 Ista
1471 1900 1662 1971 vocari3
1850 1921 1910 1967 55

268 1974 396 2020 Nam
441 1970 586 2036 pofito
630 1989 790 2022 movet
829 1978 941 2022 Una
977 1973 1089 2034 fibi,
1130 1977 1250 2042 regit
1295 1976 1462 2024 Altera
1500 1977 1651 2039 Fine,

263 2045 436 2094 Omnis
476 2047 604 2095 causa
642 2050 808 2111 Boni,
846 2050 1055 2115 proprios
1106 2050 1137 2097 si
1181 2051 1342 2099 tendat
1384 2053 1431 2098 in
1479 2053 1608 2100 actus

265 2125 504 2186 Utraque,
553 2123 680 2170 causa
720 2123 841 2174 Mali
876 2161 890 2182 ,
928 2124 958 2171 fi
999 2141 1095 2174 non
1140 2126 1213 2173 sua
1253 2126 1408 2174 munia
1455 2128 1656 2192 praestet3

263 2199 389 2244 Cura
431 2196 494 2243 sui
533 2195 581 2244 in
622 2199 833 2261 ευτιξὶίε,
869 2197 973 2248 fons
1012 2217 1193 2260 motuS,
1238 2218 1480 2266 promovet
1524 2203 1708 2268 aestum3

264 2274 550 2336 Comparat,
593 2275 840 2340 expendit,
882 2275 972 2322 Vis
1011 2291 1235 2343 temperat
1273 2275 1430 2324 omnia
1473 2277 1682 2327 Mentis,
1848 2284 1911 2324 60

259 2348 418 2395 Unam
459 2346 490 2393 fi
529 2348 695 2406 tollas,
738 2350 864 2398 aetus
906 2349 1000 2398 tibi
1039 2353 1226 2402 tollitur
1265 2354 1420 2399 omnis
1444 2391 1458 2413 ,

263 2421 432 2468 Omnis
473 2424 703 2489 proposito
748 2440 868 2473 caret
912 2426 1069 2486 actus,
1121 2427 1201 2478 ubi
1247 2427 1409 2476 Altera
1453 2426 1596 2494 defit3

269 2494 456 2561 Quippe
493 2496 615 2559 eris,
659 2514 708 2546 ut
749 2498 897 2548 defixa
934 2500 1024 2550 suis
1065 2502 1299 2551 radicibus
1342 2504 1503 2564 arbos,
1641 2524 1646 2529 Χ
1756 2526 1758 2528 ’
1798 2520 1801 2522 ’

1116 2575 1166 2625 C
1246 2596 1276 2627 2
1642 2600 1643 2603 ¹
1730 2581 1845 2636 Qiae

165 2738 188 2784 (
217 2748 234 2773 1
266 2739 287 2786 )
314 2740 413 2787 Opus
442 2736 512 2777 hoc
540 2739 761 2789 Cognitione
790 2740 843 2779 sui
870 2740 994 2780 conti·
1044 2749 1127 2781 tum
1155 2745 1302 2793 quidem
1330 2750 1458 2784 tenent
1486 2747 1597 2783 Amor
1627 2744 1757 2792 sui‚&
1783 2741 1918 2789 Ratio,

122 2796 251 2842 netur,
278 2788 337 2826 sed
366 2802 386 2826 a
417 2791 518 2828 Fastu
547 2790 760 2840 plerumque
791 2792 849 2831 vel
876 2793 993 2841 impe·
1047 2794 1106 2831 sed
1135 2795 1188 2833 ita
1218 2805 1370 2847 tamen,
1397 2806 1438 2836 ut
1466 2797 1651 2836 hominem
1695 2807 1776 2832 vere
1806 2794 1918 2830 hone-

123 2835 250 2884 ditur,
275 2840 334 2876 vel
361 2852 520 2889 coeptum
549 2842 773 2882 dissolvitur.
1050 2845 1138 2883 stum
1166 2847 1319 2890 minime
1346 2849 1508 2889 efficiant
1536 2874 1549 2896 ,
1584 2847 1650 2885 nisn
1677 2845 1768 2885 adfit
1794 2844 1921 2883 divina·

176 2887 198 2934 (
228 2900 246 2924 2
273 2890 294 2937 )
323 2892 367 2927 In
393 2892 482 2930 statu
500 2895 648 2933 Natura:
676 2895 787 2946 lapsae
813 2896 1015 2948 principa*
1049 2896 1208 2939 Gratia.
1474 2895 1479 2899 Α
