2284 3436
280 214 478 264 Excitas
521 228 761 261 nemorum
803 214 938 261 Luna
976 210 1234 262 cubilibus:
1851 163 1955 271 760

282 292 521 339 Incertum
562 306 667 337 ecce
705 306 864 356 regens
904 307 984 355 per
1018 305 1144 337 mare
1184 284 1406 354 puppium

283 365 482 416 Cursum
523 362 778 433 navifragis
815 364 1010 426 syrtibus
1048 363 1217 430 eripit.

288 445 447 503 Quam
487 440 629 489 nubes
667 439 796 489 varia
835 440 987 508 pingit
1036 439 1240 507 imagine

283 517 480 566 Umbras
521 515 817 565 multimodis
850 516 1085 584 trajiciens
1127 516 1285 581 jubar,

284 596 415 642 Dum
458 591 574 640 celsa
613 591 668 640 ad
706 596 899 641 Boream
942 606 1191 657 purpurat,
1231 589 1412 647 aestuat,
1885 597 1946 659 55

281 663 607 732 Colstdffisque
644 683 827 716 tumens
866 665 1076 728 Pyramis
1112 664 1327 729 ignibus,

282 748 477 793 Aurorae
515 742 706 801 fimilis,
748 741 885 790 ηοὸὶε
927 741 1058 789 vehit
1104 739 1277 790 Diem!

278 818 366 866 Sed
404 836 498 883 quo
537 836 631 883 quo
673 816 868 865 insolitae
908 816 1079 865 laetitiae
1120 814 1301 864 auferor

277 893 450 951 Unda,
495 891 750 941 Pindaricis
794 909 876 941 nec
919 891 1043 941 socio
1084 908 1233 939 meam

280 968 468 1018 Ardens
510 968 797 1016 harmoniam
838 968 1051 1016 cantibus
1093 983 1255 1015 aureos
1886 986 1952 1025 70

284 1045 419 1091 Inter
456 1041 736 1091 Caelicolas?
776 1042 956 1090 Audiat
998 1040 1154 1089 Insula

280 1116 459 1166 Invi&i
504 1117 688 1182 Pelopis
734 1117 856 1164 clara
899 1115 1135 1165 laboribus

281 1192 534 1253 Quondam
573 1191 922 1258 Grajugenum‚
961 1191 1035 1240 sed
1077 1208 1231 1259 mage,
1272 1189 1494 1253 Pindare,

277 1266 484 1330 Hymnis
522 1266 643 1315 clara
682 1267 829 1324 Tuis,
861 1268 969 1314 dum
1013 1266 1282 1331 Pelopeium
1327 1269 1346 1332 (
1381 1285 1402 1317 1
1438 1267 1456 1330 )

279 1343 564 1391 Bellatorem
602 1342 756 1391 Adriae
794 1342 1069 1390 concelebro
1108 1341 1287 1390 ultimis
1886 1361 1946 1408 75

280 1417 573 1467 Admiranda
612 1434 779 1467 canens
819 1416 941 1465 faeta
987 1416 1283 1483 Nepotibus.

283 1494 461 1554 Quales
499 1492 721 1559 praecipiti
767 1491 965 1541 turbinis
1006 1509 1152 1554 ocyus

274 1569 373 1617 Ala
416 1567 666 1617 Threicias
711 1566 832 1618 visus
870 1567 1002 1634 aquis
1041 1567 1173 1617 ferox

278 1643 456 1692 Claffes
495 1644 719 1703 obruere,
760 1659 900 1709 atque
940 1643 1128 1710 Oppida
1168 1642 1401 1693 moenibus

281 1719 639 1785 Necquicquam
678 1718 813 1768 aeriis
855 1718 979 1785 septa
1019 1719 1289 1769 tonantium
1882 1728 1949 1776 80

281 1799 542 1842 Armorum
583 1793 820 1842 indomito
857 1793 1050 1843 sternere
1090 1793 1313 1843 fulmine!

276 1870 391 1917 Non
436 1867 494 1918 fic
534 1867 782 1918 omnivoro
826 1868 1039 1918 Flamma
1081 1869 1278 1936 negotio

279 1947 367 1992 Per
406 1941 591 1992 densum
634 1944 869 2010 crepitans
908 1944 1162 2012 proripitur
1200 1962 1384 1996 nemus:

276 2023 381 2068 Nec
426 2018 484 2067 fic
527 2037 551 2067 e
589 2019 755 2085 gelidis
800 2018 999 2084 Alpibus
1039 2021 1192 2086 aspera

277 2094 478 2142 Immani
521 2094 727 2143 tumidus
777 2095 956 2144 vortice
998 2096 1170 2163 deripit
1879 2103 1938 2166 85

272 2172 478 2217 Torrens
519 2169 651 2228 saxa,
694 2170 826 2236 gravi
867 2170 1053 2218 fortiter
1095 2188 1146 2219 ut
1187 2186 1326 2219 manu

278 2243 366 2292 Illa
400 2242 615 2291 obscoena
655 2262 792 2293 ruens
830 2244 1035 2311 perdidit
1073 2244 1284 2314 Agmina

273 2321 425 2368 Heros
463 2320 813 2385 magnanimus,
844 2319 1066 2386 Squallet'
1093 2320 1240 2370 adbuc
1280 2336 1404 2368 mare

272 2394 414 2442 Effusi
455 2393 579 2442 sanie
622 2394 883 2461 sanguinis,
929 2397 976 2443 8<
1020 2395 1141 2445 finus

273 2469 450 2517 Omnis
490 2469 738 2527 barbaricis
778 2470 949 2519 albicat
988 2471 1179 2528 offibus,
1874 2496 1940 2534 90

279 2544 674 2610 Horrendumque
709 2545 819 2595 feris
861 2546 1046 2595 auribus
1085 2545 1301 2594 insonans

275 2621 589 2669 Maurocenus
628 2620 773 2672 adhuc
810 2622 945 2671 corda
984 2621 1139 2687 quatit
1181 2625 1333 2669 metu'.

275 2694 462 2762 Regina
506 2695 717 2757 interea,
754 2715 851 2765 quae
896 2700 1031 2746 Mare
1078 2713 1332 2763 temperat,

839 2794 843 2796 ⁷
1070 2794 1072 2796 ·
1684 2774 1859 2825 Vifi‘cri-

181 2893 248 2940 (1
282 2891 571 2944 )2Maurocenus
599 2893 919 2944 Peloponnefiacus
938 2895 998 2932 hic
1057 2903 1134 2934 tam
1163 2895 1294 2937 merita
1322 2876 1441 2936 nulla?
1466 2873 1624 2946 unquam
1667 2897 1787 2938 silebit
1827 2906 1930 2938 vetu-

125 2942 199 2992 est,
217 2942 318 2988 cujus
345 2941 481 2981 eximia
510 2944 549 2981 in
576 2946 855 2995 Rempublicam
883 2950 996 2985 Vene-
1054 2948 1139 2986 stas.
