<?xml version="1.0" encoding="UTF-8"?>
<!DOCTYPE html PUBLIC "-//W3C//DTD XHTML 1.0 Transitional//EN"
    "http://www.w3.org/TR/xhtml1/DTD/xhtml1-transitional.dtd">
<html xmlns="http://www.w3.org/1999/xhtml" xml:lang="en" lang="en">
 <head>
  <title>
</title>
<meta http-equiv="Content-Type" content="text/html;charset=utf-8" />
  <meta name='ocr-system' content='tesseract 3.04.00' />
  <meta name='ocr-capabilities' content='ocr_page ocr_carea ocr_par ocr_line ocrx_word'/>
</head>
<body>
  <div class='ocr_page' id='page_1' title='image "./poemaalexandripo00costuoft_0072.png"; bbox 0 0 2284 3436; ppageno 0'>
   <div class='ocr_carea' id='block_1_1' title="bbox 357 180 1654 2951">
    <p class='ocr_par' dir='ltr' id='par_1_1' title="bbox 357 180 1654 625">
     <span class='ocr_line' id='line_1_1' title="bbox 357 180 1654 241; baseline -0.009 -4"><span class='ocrx_word' id='word_1_1' title='bbox 357 188 426 238; x_wconf 86' lang='lat'><strong>60</strong></span> <span class='ocrx_word' id='word_1_2' title='bbox 728 182 1086 241; x_wconf 80' lang='lat' dir='ltr'><strong>JACOBI</strong></span> <span class='ocrx_word' id='word_1_3' title='bbox 1165 180 1654 229; x_wconf 81' lang='lat' dir='ltr'>THOMSON</span> 
     </span>
     <span class='ocr_line' id='line_1_2' title="bbox 428 256 1480 323; baseline -0.008 -14"><span class='ocrx_word' id='word_1_4' title='bbox 428 265 696 309; x_wconf 80' lang='lat' dir='ltr'><strong>Autumnus</strong></span> <span class='ocrx_word' id='word_1_5' title='bbox 737 256 1021 315; x_wconf 78' lang='lat' dir='ltr'><strong>ostentabit,</strong></span> <span class='ocrx_word' id='word_1_6' title='bbox 1062 260 1105 304; x_wconf 71' lang='grc' dir='ltr'>ἃ</span> <span class='ocrx_word' id='word_1_7' title='bbox 1148 258 1294 323; x_wconf 82' lang='lat' dir='ltr'><strong>largas</strong></span> <span class='ocrx_word' id='word_1_8' title='bbox 1335 272 1480 320; x_wconf 72' lang='lat' dir='ltr'><strong>opes,</strong></span> 
     </span>
     <span class='ocr_line' id='line_1_3' title="bbox 427 328 1537 400; baseline -0.007 -15"><span class='ocrx_word' id='word_1_9' title='bbox 427 336 691 400; x_wconf 80' lang='lat' dir='ltr'><strong>Hyemsque</strong></span> <span class='ocrx_word' id='word_1_10' title='bbox 734 335 781 381; x_wconf 86' lang='lat' dir='ltr'><strong>in</strong></span> <span class='ocrx_word' id='word_1_11' title='bbox 824 336 949 380; x_wconf 78' lang='lat' dir='ltr'><strong>Euro</strong></span> <span class='ocrx_word' id='word_1_12' title='bbox 989 351 1089 379; x_wconf 84' lang='lat' dir='ltr'><strong>curn</strong></span> <span class='ocrx_word' id='word_1_13' title='bbox 1132 331 1354 398; x_wconf 74' lang='lat' dir='ltr'><strong>nigrescet</strong></span> <span class='ocrx_word' id='word_1_14' title='bbox 1395 328 1537 388; x_wconf 81' lang='lat' dir='ltr'><strong>alite,</strong></span> 
     </span>
     <span class='ocr_line' id='line_1_4' title="bbox 418 405 1494 474; baseline -0.007 -15"><span class='ocrx_word' id='word_1_15' title='bbox 418 412 490 460; x_wconf 85' lang='lat' dir='ltr'><strong>Sit</strong></span> <span class='ocrx_word' id='word_1_16' title='bbox 529 411 607 458; x_wconf 81' lang='lat' dir='ltr'><strong>ista</strong></span> <span class='ocrx_word' id='word_1_17' title='bbox 651 427 778 458; x_wconf 85' lang='lat' dir='ltr'><strong>muta</strong></span> <span class='ocrx_word' id='word_1_18' title='bbox 820 407 1030 474; x_wconf 77' lang='lat' dir='ltr'><strong>Lingua,</strong></span> <span class='ocrx_word' id='word_1_19' title='bbox 1071 407 1121 455; x_wconf 82' lang='lat' dir='ltr'><strong>lit</strong></span> <span class='ocrx_word' id='word_1_20' title='bbox 1166 405 1324 456; x_wconf 80' lang='lat' dir='ltr'>Menti</span> <span class='ocrx_word' id='word_1_21' title='bbox 1363 405 1494 453; x_wconf 89' lang='lat' dir='ltr'><strong>color</strong></span> 
     </span>
     <span class='ocr_line' id='line_1_5' title="bbox 426 480 1470 552; baseline -0.005 -19"><span class='ocrx_word' id='word_1_22' title='bbox 426 489 621 552; x_wconf 78' lang='lat' dir='ltr'><strong>Ignotus</strong></span> <span class='ocrx_word' id='word_1_23' title='bbox 660 483 840 544; x_wconf 67' lang='lat' dir='ltr'><strong>omnis,</strong></span> <span class='ocrx_word' id='word_1_24' title='bbox 883 484 944 530; x_wconf 62' lang='lat' dir='ltr'><strong>nii</strong></span> <span class='ocrx_word' id='word_1_25' title='bbox 992 484 1222 545; x_wconf 73' lang='lat' dir='ltr'><strong>Voluptas</strong></span> <span class='ocrx_word' id='word_1_26' title='bbox 1254 480 1470 536; x_wconf 80' lang='lat' dir='ltr'><strong>occidat,</strong></span> 
     </span>
     <span class='ocr_line' id='line_1_6' title="bbox 420 555 1394 625; baseline -0.005 -16"><span class='ocrx_word' id='word_1_27' title='bbox 420 561 664 625; x_wconf 84' lang='lat' dir='ltr'><strong>Pulsusque</strong></span> <span class='ocrx_word' id='word_1_28' title='bbox 702 565 799 609; x_wconf 80' lang='lat' dir='ltr'><strong>Cor</strong></span> <span class='ocrx_word' id='word_1_29' title='bbox 838 557 1025 624; x_wconf 77' lang='lat' dir='ltr'><strong>rigescat</strong></span> <span class='ocrx_word' id='word_1_30' title='bbox 1062 558 1260 605; x_wconf 81' lang='lat' dir='ltr'><strong>oblitum</strong></span> <span class='ocrx_word' id='word_1_31' title='bbox 1303 555 1394 604; x_wconf 87' lang='lat' dir='ltr'><strong>sui.</strong></span> 
     </span>
    </p>

    <p class='ocr_par' dir='ltr' id='par_1_2' title="bbox 418 632 1421 699">
     <span class='ocr_line' id='line_1_7' title="bbox 418 632 1421 699; baseline -0.007 -15"><span class='ocrx_word' id='word_1_32' title='bbox 418 640 506 685; x_wconf 83' lang='lat' dir='ltr'><strong>Me</strong></span> <span class='ocrx_word' id='word_1_33' title='bbox 550 638 745 683; x_wconf 84' lang='lat' dir='ltr'><strong>immota</strong></span> <span class='ocrx_word' id='word_1_34' title='bbox 786 634 890 683; x_wconf 80' lang='lat' dir='ltr'><strong>Fati</strong></span> <span class='ocrx_word' id='word_1_35' title='bbox 935 633 962 679; x_wconf 84' lang='lat' dir='ltr'>fi</span> <span class='ocrx_word' id='word_1_36' title='bbox 1003 634 1131 699; x_wconf 79' lang='lat' dir='ltr'><strong>jubet</strong></span> <span class='ocrx_word' id='word_1_37' title='bbox 1172 632 1421 681; x_wconf 77' lang='lat' dir='ltr'><strong>Neceffitas</strong></span> 
     </span>
    </p>

    <p class='ocr_par' dir='ltr' id='par_1_3' title="bbox 411 706 1571 1226">
     <span class='ocr_line' id='line_1_8' title="bbox 424 706 1470 773; baseline -0.009 -14"><span class='ocrx_word' id='word_1_38' title='bbox 424 714 497 759; x_wconf 87' lang='lat' dir='ltr'><strong>Ire</strong></span> <span class='ocrx_word' id='word_1_39' title='bbox 540 712 728 760; x_wconf 83' lang='lat' dir='ltr'><strong>ultimos</strong></span> <span class='ocrx_word' id='word_1_40' title='bbox 771 711 821 758; x_wconf 77' lang='lat' dir='ltr'><strong>ad</strong></span> <span class='ocrx_word' id='word_1_41' title='bbox 864 710 998 773; x_wconf 73' lang='lat' dir='ltr'><strong>usque</strong></span> <span class='ocrx_word' id='word_1_42' title='bbox 1041 713 1194 756; x_wconf 73' lang='lat' dir='ltr'><strong>Terrae</strong></span> <span class='ocrx_word' id='word_1_43' title='bbox 1237 706 1470 761; x_wconf 75' lang='lat' dir='ltr'><strong>cardines,</strong></span> 
     </span>
     <span class='ocr_line' id='line_1_9' title="bbox 426 782 1378 841; baseline -0.006 -7"><span class='ocrx_word' id='word_1_44' title='bbox 426 791 548 834; x_wconf 76' lang='lat' dir='ltr'><strong>Oras</strong></span> <span class='ocrx_word' id='word_1_45' title='bbox 588 788 645 833; x_wconf 74' lang='lat' dir='ltr'><strong>vad</strong></span> <span class='ocrx_word' id='word_1_46' title='bbox 688 786 791 834; x_wconf 82' lang='lat' dir='ltr'><strong>illas</strong></span> <span class='ocrx_word' id='word_1_47' title='bbox 835 785 1065 841; x_wconf 74' lang='lat' dir='ltr'><strong>barbaras,</strong></span> <span class='ocrx_word' id='word_1_48' title='bbox 1104 786 1148 830; x_wconf 70' lang='grc' dir='ltr'><strong>δε</strong></span> <span class='ocrx_word' id='word_1_49' title='bbox 1191 782 1378 829; x_wconf 73' lang='lat' dir='ltr'><strong>fiumina</strong></span> 
     </span>
     <span class='ocr_line' id='line_1_10' title="bbox 417 857 1495 926; baseline -0.006 -18"><span class='ocrx_word' id='word_1_50' title='bbox 417 861 630 909; x_wconf 80' lang='lat' dir='ltr'><strong>Hilarata</strong></span> <span class='ocrx_word' id='word_1_51' title='bbox 675 878 911 926; x_wconf 67' lang='lat' dir='ltr'><strong>nunquam</strong></span> <span class='ocrx_word' id='word_1_52' title='bbox 957 877 1069 906; x_wconf 78' lang='lat' dir='ltr'><strong>voce</strong></span> <span class='ocrx_word' id='word_1_53' title='bbox 1108 858 1269 907; x_wconf 83' lang='lat' dir='ltr'><strong>Musaei</strong></span> <span class='ocrx_word' id='word_1_54' title='bbox 1313 857 1495 915; x_wconf 58' lang='lat' dir='ltr'><strong>Chol-i,</strong></span> 
     </span>
     <span class='ocr_line' id='line_1_11' title="bbox 419 930 1571 999; baseline -0.007 -15"><span class='ocrx_word' id='word_1_55' title='bbox 419 936 672 984; x_wconf 80' lang='lat' dir='ltr'><strong>Montesve</strong></span> <span class='ocrx_word' id='word_1_56' title='bbox 707 936 812 984; x_wconf 80' lang='lat' dir='ltr'><strong>ferri</strong></span> <span class='ocrx_word' id='word_1_57' title='bbox 856 936 902 983; x_wconf 87' lang='lat' dir='ltr'><strong>in</strong></span> <span class='ocrx_word' id='word_1_58' title='bbox 950 934 1170 995; x_wconf 65' lang='lat' dir='ltr'><strong>Indicos⁷</strong></span> <span class='ocrx_word' id='word_1_59' title='bbox 1211 951 1325 999; x_wconf 85' lang='lat' dir='ltr'><strong>quos</strong></span> <span class='ocrx_word' id='word_1_60' title='bbox 1367 930 1571 978; x_wconf 78' lang='lat' dir='ltr'><strong>lucidum</strong></span> 
     </span>
     <span class='ocr_line' id='line_1_12' title="bbox 419 1006 1493 1068; baseline -0.005 -11"><span class='ocrx_word' id='word_1_61' title='bbox 419 1013 606 1059; x_wconf 84' lang='lat' dir='ltr'><strong>Inaurat</strong></span> <span class='ocrx_word' id='word_1_62' title='bbox 646 1011 798 1059; x_wconf 84' lang='lat' dir='ltr'><strong>oriens</strong></span> <span class='ocrx_word' id='word_1_63' title='bbox 838 1012 1065 1068; x_wconf 75' lang='lat' dir='ltr'><strong>Phoebu3‚</strong></span> <span class='ocrx_word' id='word_1_64' title='bbox 1105 1025 1180 1057; x_wconf 86' lang='lat' dir='ltr'><strong>aut</strong></span> <span class='ocrx_word' id='word_1_65' title='bbox 1228 1006 1493 1057; x_wconf 79' lang='lat' dir='ltr'><strong>Atlanticas</strong></span> 
     </span>
     <span class='ocr_line' id='line_1_13' title="bbox 411 1080 1506 1145; baseline -0.009 -11"><span class='ocrx_word' id='word_1_66' title='bbox 411 1087 542 1141; x_wconf 84' lang='lat' dir='ltr'><strong>Jubet</strong></span> <span class='ocrx_word' id='word_1_67' title='bbox 584 1086 740 1133; x_wconf 69' lang='lat' dir='ltr'><strong>volare</strong></span> <span class='ocrx_word' id='word_1_68' title='bbox 780 1086 825 1131; x_wconf 86' lang='lat' dir='ltr'><strong>in</strong></span> <span class='ocrx_word' id='word_1_69' title='bbox 866 1085 1067 1139; x_wconf 74' lang='lat' dir='ltr'><strong>Insulas,</strong></span> <span class='ocrx_word' id='word_1_70' title='bbox 1113 1082 1243 1145; x_wconf 52' lang='lat' dir='ltr'><strong>quei&amp;</strong></span> <span class='ocrx_word' id='word_1_71' title='bbox 1290 1080 1506 1127; x_wconf 83' lang='lat' dir='ltr'><strong>occidens</strong></span> 
     </span>
     <span class='ocr_line' id='line_1_14' title="bbox 412 1156 1401 1226; baseline -0.007 -19"><span class='ocrx_word' id='word_1_72' title='bbox 412 1159 628 1226; x_wconf 75' lang='lat' dir='ltr'><strong>Largitur</strong></span> <span class='ocrx_word' id='word_1_73' title='bbox 667 1159 786 1207; x_wconf 77' lang='lat' dir='ltr'><strong>idem</strong></span> <span class='ocrx_word' id='word_1_74' title='bbox 827 1158 943 1206; x_wconf 83' lang='lat' dir='ltr'><strong>lucis</strong></span> <span class='ocrx_word' id='word_1_75' title='bbox 987 1174 1198 1205; x_wconf 75' lang='lat' dir='ltr'><strong>extremae</strong></span> <span class='ocrx_word' id='word_1_76' title='bbox 1245 1156 1401 1222; x_wconf 77' lang='lat' dir='ltr'><strong>jubar,</strong></span> 
     </span>
    </p>

    <p class='ocr_par' dir='ltr' id='par_1_4' title="bbox 398 1229 1623 1974">
     <span class='ocr_line' id='line_1_15' title="bbox 408 1229 1608 1303; baseline -0.006 -21"><span class='ocrx_word' id='word_1_77' title='bbox 408 1234 498 1282; x_wconf 90' lang='lat' dir='ltr'><strong>Nil</strong></span> <span class='ocrx_word' id='word_1_78' title='bbox 540 1234 632 1300; x_wconf 87' lang='lat' dir='ltr'><strong>ipse</strong></span> <span class='ocrx_word' id='word_1_79' title='bbox 674 1253 859 1303; x_wconf 81' lang='lat' dir='ltr'><strong>tangar.</strong></span> <span class='ocrx_word' id='word_1_80' title='bbox 911 1240 1099 1297; x_wconf 81' lang='lat' dir='ltr'><strong>Semper</strong></span> <span class='ocrx_word' id='word_1_81' title='bbox 1138 1232 1197 1278; x_wconf 85' lang='lat' dir='ltr'><strong>est</strong></span> <span class='ocrx_word' id='word_1_82' title='bbox 1246 1229 1399 1296; x_wconf 83' lang='lat' dir='ltr'><strong>praesto</strong></span> <span class='ocrx_word' id='word_1_83' title='bbox 1447 1231 1608 1289; x_wconf 74' lang='lat' dir='ltr'><strong>Deus,</strong></span> 
     </span>
     <span class='ocr_line' id='line_1_16' title="bbox 405 1307 1623 1374; baseline -0.002 -19"><span class='ocrx_word' id='word_1_84' title='bbox 405 1309 627 1374; x_wconf 73' lang='lat' dir='ltr'><strong>,Mihique</strong></span> <span class='ocrx_word' id='word_1_85' title='bbox 669 1311 891 1358; x_wconf 82' lang='lat' dir='ltr'><strong>inhaerens</strong></span> <span class='ocrx_word' id='word_1_86' title='bbox 932 1307 1159 1357; x_wconf 74' lang='lat' dir='ltr'><strong>blanditer</strong></span> <span class='ocrx_word' id='word_1_87' title='bbox 1205 1322 1353 1354; x_wconf 85' lang='lat' dir='ltr'><strong>toturn</strong></span> <span class='ocrx_word' id='word_1_88' title='bbox 1396 1321 1623 1369; x_wconf 84' lang='lat' dir='ltr'><strong>occupat,</strong></span> 
     </span>
     <span class='ocr_line' id='line_1_17' title="bbox 408 1380 1431 1450; baseline -0.005 -20"><span class='ocrx_word' id='word_1_89' title='bbox 408 1388 610 1450; x_wconf 80' lang='lat' dir='ltr'><strong>Beatque</strong></span> <span class='ocrx_word' id='word_1_90' title='bbox 651 1402 829 1444; x_wconf 74' lang='lat' dir='ltr'><strong>toturn,</strong></span> <span class='ocrx_word' id='word_1_91' title='bbox 869 1384 962 1432; x_wconf 75' lang='lat' dir='ltr'><strong>sive</strong></span> <span class='ocrx_word' id='word_1_92' title='bbox 1017 1381 1275 1446; x_wconf 75' lang='lat' dir='ltr'><strong>inhospitos</strong></span> <span class='ocrx_word' id='word_1_93' title='bbox 1317 1380 1431 1426; x_wconf 90' lang='lat' dir='ltr'><strong>velit</strong></span> 
     </span>
     <span class='ocr_line' id='line_1_18' title="bbox 409 1455 1460 1522; baseline -0.006 -15"><span class='ocrx_word' id='word_1_94' title='bbox 409 1458 556 1507; x_wconf 83' lang='lat' dir='ltr'><strong>Adire</strong></span> <span class='ocrx_word' id='word_1_95' title='bbox 600 1460 737 1508; x_wconf 79' lang='lat' dir='ltr'><strong>saltus</strong></span> <span class='ocrx_word' id='word_1_96' title='bbox 764 1500 775 1520; x_wconf 88' lang='lat'>‚</span> <span class='ocrx_word' id='word_1_97' title='bbox 824 1461 896 1508; x_wconf 85' lang='lat' dir='ltr'><strong>seu</strong></span> <span class='ocrx_word' id='word_1_98' title='bbox 940 1457 1256 1522; x_wconf 74' lang='lat' dir='ltr'><strong>frequentibus</strong></span> <span class='ocrx_word' id='word_1_99' title='bbox 1300 1455 1460 1520; x_wconf 85' lang='lat' dir='ltr'><strong>pedem</strong></span> 
     </span>
     <span class='ocr_line' id='line_1_19' title="bbox 405 1527 1484 1583; baseline -0.005 -2"><span class='ocrx_word' id='word_1_100' title='bbox 405 1534 582 1582; x_wconf 85' lang='lat' dir='ltr'><strong>Inferre</strong></span> <span class='ocrx_word' id='word_1_101' title='bbox 627 1536 797 1583; x_wconf 75' lang='lat' dir='ltr'><strong>turbis.</strong></span> <span class='ocrx_word' id='word_1_102' title='bbox 843 1536 979 1582; x_wconf 79' lang='lat' dir='ltr'><strong>Haud</strong></span> <span class='ocrx_word' id='word_1_103' title='bbox 1025 1531 1234 1580; x_wconf 83' lang='lat' dir='ltr'><strong>refundet</strong></span> <span class='ocrx_word' id='word_1_104' title='bbox 1278 1534 1322 1579; x_wconf 90' lang='lat' dir='ltr'><strong>Is</strong></span> <span class='ocrx_word' id='word_1_105' title='bbox 1368 1527 1484 1577; x_wconf 80' lang='lat' dir='ltr'><strong>mihi</strong></span> 
     </span>
     <span class='ocr_line' id='line_1_20' title="bbox 402 1605 1567 1674; baseline -0.004 -19"><span class='ocrx_word' id='word_1_106' title='bbox 402 1610 568 1656; x_wconf 86' lang='lat' dir='ltr'><strong>Vitale</strong></span> <span class='ocrx_word' id='word_1_107' title='bbox 608 1628 803 1667; x_wconf 74' lang='lat' dir='ltr'><strong>munus,</strong></span> <span class='ocrx_word' id='word_1_108' title='bbox 848 1610 960 1674; x_wconf 83' lang='lat' dir='ltr'><strong>quin</strong></span> <span class='ocrx_word' id='word_1_109' title='bbox 1006 1606 1312 1672; x_wconf 75' lang='lat' dir='ltr'><strong>Voluptatem</strong></span> <span class='ocrx_word' id='word_1_110' title='bbox 1355 1605 1567 1670; x_wconf 58' lang='lat' dir='ltr'><strong>ingerat,</strong></span> 
     </span>
     <span class='ocr_line' id='line_1_21' title="bbox 415 1677 1601 1747; baseline -0.005 -17"><span class='ocrx_word' id='word_1_111' title='bbox 415 1679 542 1731; x_wconf 90' lang='lat' dir='ltr'><strong>Cum</strong></span> <span class='ocrx_word' id='word_1_112' title='bbox 588 1683 759 1732; x_wconf 82' lang='lat' dir='ltr'><strong>summa</strong></span> <span class='ocrx_word' id='word_1_113' title='bbox 806 1685 986 1733; x_wconf 81' lang='lat' dir='ltr'><strong>tandem</strong></span> <span class='ocrx_word' id='word_1_114' title='bbox 1031 1682 1178 1747; x_wconf 76' lang='lat' dir='ltr'><strong>surget</strong></span> <span class='ocrx_word' id='word_1_115' title='bbox 1222 1684 1350 1727; x_wconf 87' lang='lat' dir='ltr'><strong>Hora</strong></span> <span class='ocrx_word' id='word_1_116' title='bbox 1395 1677 1601 1738; x_wconf 79' lang='lat' dir='ltr'><strong>mysticis</strong></span> 
     </span>
     <span class='ocr_line' id='line_1_22' title="bbox 408 1753 1493 1824; baseline -0.006 -18"><span class='ocrx_word' id='word_1_117' title='bbox 408 1760 567 1806; x_wconf 86' lang='lat' dir='ltr'><strong>Velox</strong></span> <span class='ocrx_word' id='word_1_118' title='bbox 610 1760 656 1806; x_wconf 89' lang='lat' dir='ltr'><strong>in</strong></span> <span class='ocrx_word' id='word_1_119' title='bbox 698 1760 818 1821; x_wconf 70' lang='lat' dir='ltr'><strong>alis,</strong></span> <span class='ocrx_word' id='word_1_120' title='bbox 863 1776 1023 1824; x_wconf 84' lang='lat' dir='ltr'><strong>meque</strong></span> <span class='ocrx_word' id='word_1_121' title='bbox 1062 1759 1109 1805; x_wconf 88' lang='lat' dir='ltr'><strong>in</strong></span> <span class='ocrx_word' id='word_1_122' title='bbox 1154 1755 1336 1805; x_wconf 82' lang='lat' dir='ltr'><strong>AEterni</strong></span> <span class='ocrx_word' id='word_1_123' title='bbox 1379 1753 1493 1802; x_wconf 85' lang='lat' dir='ltr'><strong>feret</strong></span> 
     </span>
     <span class='ocr_line' id='line_1_23' title="bbox 398 1831 1404 1892; baseline -0.006 -11"><span class='ocrx_word' id='word_1_124' title='bbox 398 1833 571 1881; x_wconf 82' lang='lat' dir='ltr'><strong>Mundi</strong></span> <span class='ocrx_word' id='word_1_125' title='bbox 614 1835 831 1892; x_wconf 72' lang='lat' dir='ltr'><strong>recessus,</strong></span> <span class='ocrx_word' id='word_1_126' title='bbox 874 1832 1186 1881; x_wconf 66' lang='lat' dir='ltr'><strong>obsecundabo</strong></span> <span class='ocrx_word' id='word_1_127' title='bbox 1226 1831 1404 1886; x_wconf 84' lang='lat' dir='ltr'><strong>libens,</strong></span> 
     </span>
     <span class='ocr_line' id='line_1_24' title="bbox 400 1903 1339 1974; baseline -0.005 -18"><span class='ocrx_word' id='word_1_128' title='bbox 400 1908 647 1974; x_wconf 85' lang='lat' dir='ltr'><strong>Novisque</strong></span> <span class='ocrx_word' id='word_1_129' title='bbox 686 1911 868 1974; x_wconf 81' lang='lat' dir='ltr'><strong>pollens</strong></span> <span class='ocrx_word' id='word_1_130' title='bbox 908 1907 1085 1956; x_wconf 77' lang='lat' dir='ltr'><strong>viribus</strong></span> <span class='ocrx_word' id='word_1_131' title='bbox 1125 1903 1339 1963; x_wconf 78' lang='lat' dir='ltr'><strong>sublimia</strong></span> 
     </span>
    </p>

    <p class='ocr_par' dir='ltr' id='par_1_5' title="bbox 397 1981 1614 2423">
     <span class='ocr_line' id='line_1_25' title="bbox 398 1981 1518 2046; baseline -0.003 -15"><span class='ocrx_word' id='word_1_132' title='bbox 398 1984 600 2031; x_wconf 83' lang='lat' dir='ltr'><strong>Miracla</strong></span> <span class='ocrx_word' id='word_1_133' title='bbox 641 2003 789 2032; x_wconf 89' lang='lat' dir='ltr'><strong>rerum</strong></span> <span class='ocrx_word' id='word_1_134' title='bbox 830 1987 1035 2033; x_wconf 83' lang='lat' dir='ltr'><strong>Cantico</strong></span> <span class='ocrx_word' id='word_1_135' title='bbox 1072 1981 1324 2046; x_wconf 61' lang='lat' dir='ltr'><strong>amplefflar</strong></span> <span class='ocrx_word' id='word_1_136' title='bbox 1364 1996 1518 2028; x_wconf 81' lang='lat' dir='ltr'><strong>novo.</strong></span> 
     </span>
     <span class='ocr_line' id='line_1_26' title="bbox 400 2054 1492 2124; baseline -0.004 -17"><span class='ocrx_word' id='word_1_137' title='bbox 400 2063 511 2118; x_wconf 84' lang='lat' dir='ltr'><strong>Quo</strong></span> <span class='ocrx_word' id='word_1_138' title='bbox 551 2076 644 2123; x_wconf 89' lang='lat' dir='ltr'><strong>quo</strong></span> <span class='ocrx_word' id='word_1_139' title='bbox 686 2077 868 2124; x_wconf 85' lang='lat' dir='ltr'><strong>petam,</strong></span> <span class='ocrx_word' id='word_1_140' title='bbox 910 2059 1044 2107; x_wconf 89' lang='lat' dir='ltr'><strong>suave</strong></span> <span class='ocrx_word' id='word_1_141' title='bbox 1087 2058 1164 2104; x_wconf 84' lang='lat' dir='ltr'><strong>ubi</strong></span> <span class='ocrx_word' id='word_1_142' title='bbox 1211 2072 1303 2103; x_wconf 82' lang='lat' dir='ltr'><strong>non</strong></span> <span class='ocrx_word' id='word_1_143' title='bbox 1346 2054 1492 2103; x_wconf 85' lang='lat' dir='ltr'><strong>rideat</strong></span> 
     </span>
     <span class='ocr_line' id='line_1_27' title="bbox 407 2129 1614 2200; baseline -0.004 -19"><span class='ocrx_word' id='word_1_144' title='bbox 407 2135 684 2181; x_wconf 84' lang='lat' dir='ltr'><strong>Communis</strong></span> <span class='ocrx_word' id='word_1_145' title='bbox 729 2134 1050 2200; x_wconf 85' lang='lat' dir='ltr'><strong>usquequaque</strong></span> <span class='ocrx_word' id='word_1_146' title='bbox 1091 2131 1154 2179; x_wconf 88' lang='lat' dir='ltr'><strong>mi</strong></span> <span class='ocrx_word' id='word_1_147' title='bbox 1201 2129 1383 2196; x_wconf 86' lang='lat' dir='ltr'><strong>praesens</strong></span> <span class='ocrx_word' id='word_1_148' title='bbox 1425 2133 1614 2179; x_wconf 80' lang='lat' dir='ltr'><strong>Amor?-</strong></span> 
     </span>
     <span class='ocr_line' id='line_1_28' title="bbox 398 2206 1379 2273; baseline -0.002 -19"><span class='ocrx_word' id='word_1_149' title='bbox 398 2209 537 2255; x_wconf 82' lang='lat' dir='ltr'><strong>Illius</strong></span> <span class='ocrx_word' id='word_1_150' title='bbox 576 2209 669 2256; x_wconf 83' lang='lat' dir='ltr'><strong>alta</strong></span> <span class='ocrx_word' id='word_1_151' title='bbox 710 2211 892 2258; x_wconf 84' lang='lat' dir='ltr'><strong>Dextra</strong></span> <span class='ocrx_word' id='word_1_152' title='bbox 932 2208 1139 2257; x_wconf 86' lang='lat' dir='ltr'><strong>Siderum</strong></span> <span class='ocrx_word' id='word_1_153' title='bbox 1182 2206 1379 2273; x_wconf 82' lang='lat' dir='ltr'>globos,</span> 
     </span>
     <span class='ocr_line' id='line_1_29' title="bbox 400 2279 1489 2349; baseline 0 -19"><span class='ocrx_word' id='word_1_154' title='bbox 400 2282 655 2348; x_wconf 86' lang='lat' dir='ltr'><strong>Stellasque</strong></span> <span class='ocrx_word' id='word_1_155' title='bbox 693 2284 857 2343; x_wconf 89' lang='lat' dir='ltr'><strong>fulcit,</strong></span> <span class='ocrx_word' id='word_1_156' title='bbox 903 2302 1000 2349; x_wconf 86' lang='lat' dir='ltr'><strong>quae</strong></span> <span class='ocrx_word' id='word_1_157' title='bbox 1045 2297 1264 2331; x_wconf 89' lang='lat' dir='ltr'><strong>coronant</strong></span> <span class='ocrx_word' id='word_1_158' title='bbox 1304 2279 1489 2330; x_wconf 65' lang='lat' dir='ltr'><strong>Sidera,</strong></span> 
     </span>
     <span class='ocr_line' id='line_1_30' title="bbox 397 2356 1479 2423; baseline -0.004 -18"><span class='ocrx_word' id='word_1_159' title='bbox 397 2356 487 2405; x_wconf 87' lang='lat' dir='ltr'><strong>Ille</strong></span> <span class='ocrx_word' id='word_1_160' title='bbox 530 2359 618 2406; x_wconf 91' lang='lat' dir='ltr'><strong>Ille</strong></span> <span class='ocrx_word' id='word_1_161' title='bbox 658 2362 836 2408; x_wconf 87' lang='lat' dir='ltr'><strong>Verum</strong></span> <span class='ocrx_word' id='word_1_162' title='bbox 881 2359 1001 2407; x_wconf 89' lang='lat' dir='ltr'><strong>solus</strong></span> <span class='ocrx_word' id='word_1_163' title='bbox 1038 2357 1257 2423; x_wconf 79' lang='lat' dir='ltr'><strong>exprimit</strong></span> <span class='ocrx_word' id='word_1_164' title='bbox 1297 2359 1479 2403; x_wconf 88' lang='lat' dir='ltr'><strong>Bonum</strong></span> 
     </span>
    </p>

    <p class='ocr_par' dir='ltr' id='par_1_6' title="bbox 395 2432 1503 2500">
     <span class='ocr_line' id='line_1_31' title="bbox 395 2432 1503 2500; baseline -0.005 -19"><span class='ocrx_word' id='word_1_165' title='bbox 395 2433 477 2481; x_wconf 88' lang='lat' dir='ltr'><strong>Ab</strong></span> <span class='ocrx_word' id='word_1_166' title='bbox 522 2432 734 2500; x_wconf 76' lang='lat' dir='ltr'><strong>Imagine</strong></span> <span class='ocrx_word' id='word_1_167' title='bbox 775 2433 929 2492; x_wconf 84' lang='lat' dir='ltr'><strong>Mali,</strong></span> <span class='ocrx_word' id='word_1_168' title='bbox 971 2433 1089 2480; x_wconf 84' lang='lat' dir='ltr'><strong>solus</strong></span> <span class='ocrx_word' id='word_1_169' title='bbox 1132 2451 1157 2481; x_wconf 84' lang='lat' dir='ltr'><strong>a</strong></span> <span class='ocrx_word' id='word_1_170' title='bbox 1201 2435 1328 2479; x_wconf 88' lang='lat' dir='ltr'><strong>Vero</strong></span> <span class='ocrx_word' id='word_1_171' title='bbox 1368 2432 1503 2477; x_wconf 93' lang='lat' dir='ltr'><strong>Bono</strong></span> 
     </span>
    </p>

    <p class='ocr_par' dir='ltr' id='par_1_7' title="bbox 392 2504 1584 2573">
     <span class='ocr_line' id='line_1_32' title="bbox 392 2504 1584 2573; baseline 0 -19"><span class='ocrx_word' id='word_1_172' title='bbox 392 2507 534 2568; x_wconf 82' lang='lat' dir='ltr'><strong>Quod</strong></span> <span class='ocrx_word' id='word_1_173' title='bbox 582 2509 784 2573; x_wconf 83' lang='lat' dir='ltr'><strong>praestat‚</strong></span> <span class='ocrx_word' id='word_1_174' title='bbox 826 2528 849 2557; x_wconf 86' lang='lat' dir='ltr'><strong>a</strong></span> <span class='ocrx_word' id='word_1_175' title='bbox 885 2509 1127 2557; x_wconf 83' lang='lat' dir='ltr'><strong>Praestante</strong></span> <span class='ocrx_word' id='word_1_176' title='bbox 1171 2504 1584 2555; x_wconf 77' lang='lat' dir='ltr'><strong>Praestantiffimum</strong></span> 
     </span>
    </p>

    <p class='ocr_par' dir='ltr' id='par_1_8' title="bbox 393 2580 1539 2707">
     <span class='ocr_line' id='line_1_33' title="bbox 393 2580 1539 2644; baseline 0.001 -14"><span class='ocrx_word' id='word_1_177' title='bbox 393 2582 568 2630; x_wconf 88' lang='lat' dir='ltr'><strong>Educit</strong></span> <span class='ocrx_word' id='word_1_178' title='bbox 610 2582 832 2644; x_wconf 84' lang='lat' dir='ltr'><strong>Infinita,</strong></span> <span class='ocrx_word' id='word_1_179' title='bbox 873 2587 918 2633; x_wconf 69' lang='grc' dir='ltr'><strong>ὃς</strong></span> <span class='ocrx_word' id='word_1_180' title='bbox 956 2583 1075 2632; x_wconf 87' lang='lat' dir='ltr'><strong>ultra</strong></span> <span class='ocrx_word' id='word_1_181' title='bbox 1114 2580 1539 2631; x_wconf 67' lang='lat' dir='ltr'><strong>transvolanS.....</strong></span> 
     </span>
     <span class='ocr_line' id='line_1_34' title="bbox 395 2655 1511 2707; baseline -0.002 -2"><span class='ocrx_word' id='word_1_182' title='bbox 395 2659 482 2706; x_wconf 76' lang='lat' dir='ltr'><strong>Sec]</strong></span> <span class='ocrx_word' id='word_1_183' title='bbox 528 2674 630 2706; x_wconf 88' lang='lat' dir='ltr'><strong>tota</strong></span> <span class='ocrx_word' id='word_1_184' title='bbox 670 2657 717 2706; x_wconf 91' lang='lat' dir='ltr'><strong>in</strong></span> <span class='ocrx_word' id='word_1_185' title='bbox 761 2659 853 2707; x_wconf 86' lang='lat' dir='ltr'><strong>Illo</strong></span> <span class='ocrx_word' id='word_1_186' title='bbox 893 2675 1049 2707; x_wconf 84' lang='lat' dir='ltr'><strong>mente</strong></span> <span class='ocrx_word' id='word_1_187' title='bbox 1090 2657 1290 2706; x_wconf 84' lang='lat' dir='ltr'><strong>demersa</strong></span> <span class='ocrx_word' id='word_1_188' title='bbox 1340 2655 1511 2705; x_wconf 90' lang='lat' dir='ltr'><strong>obruor</strong></span> 
     </span>
    </p>

    <p class='ocr_par' dir='ltr' id='par_1_9' title="bbox 390 2731 1537 2872">
     <span class='ocr_line' id='line_1_35' title="bbox 390 2731 1378 2801; baseline -0.001 -21"><span class='ocrx_word' id='word_1_189' title='bbox 390 2731 530 2780; x_wconf 86' lang='lat' dir='ltr'><strong>Lucis</strong></span> <span class='ocrx_word' id='word_1_190' title='bbox 571 2733 798 2798; x_wconf 83' lang='lat' dir='ltr'><strong>profundae</strong></span> <span class='ocrx_word' id='word_1_191' title='bbox 842 2736 1006 2801; x_wconf 79' lang='lat' dir='ltr'><strong>pelago</strong></span> <span class='ocrx_word' id='word_1_192' title='bbox 1045 2732 1378 2782; x_wconf 80' lang='lat' dir='ltr'><strong>inenarrabili.</strong></span> 
     </span>
     <span class='ocr_line' id='line_1_36' title="bbox 396 2807 1537 2872; baseline -0.001 -17"><span class='ocrx_word' id='word_1_193' title='bbox 396 2807 597 2867; x_wconf 85' lang='lat' dir='ltr'><strong>Adesto,</strong></span> <span class='ocrx_word' id='word_1_194' title='bbox 639 2809 789 2857; x_wconf 83' lang='lat' dir='ltr'><strong>adesto</strong></span> <span class='ocrx_word' id='word_1_195' title='bbox 832 2827 950 2857; x_wconf 89' lang='lat' dir='ltr'><strong>nunc</strong></span> <span class='ocrx_word' id='word_1_196' title='bbox 992 2808 1243 2857; x_wconf 87' lang='lat' dir='ltr'><strong>Silentium</strong></span> <span class='ocrx_word' id='word_1_197' title='bbox 1285 2808 1537 2872; x_wconf 76' lang='lat' dir='ltr'><strong>eloquens,</strong></span> 
     </span>
    </p>

    <p class='ocr_par' dir='ltr' id='par_1_10' title="bbox 393 2883 1447 2951">
     <span class='ocr_line' id='line_1_37' title="bbox 393 2883 1447 2951; baseline -0.003 -20"><span class='ocrx_word' id='word_1_198' title='bbox 393 2883 580 2949; x_wconf 86' lang='lat' dir='ltr'><strong>Deique</strong></span> <span class='ocrx_word' id='word_1_199' title='bbox 619 2902 772 2934; x_wconf 86' lang='lat' dir='ltr'><strong>tecum</strong></span> <span class='ocrx_word' id='word_1_200' title='bbox 817 2884 961 2933; x_wconf 85' lang='lat' dir='ltr'><strong>volve</strong></span> <span class='ocrx_word' id='word_1_201' title='bbox 1008 2887 1216 2951; x_wconf 78' lang='lat' dir='ltr'><strong>cogitans</strong></span> <span class='ocrx_word' id='word_1_202' title='bbox 1261 2889 1447 2934; x_wconf 81' lang='lat' dir='ltr'><strong>Decus..</strong></span> 
     </span>
    </p>
   </div>
   <div class='ocr_carea' id='block_1_2' title="bbox 1982 491 2074 542">
    <p class='ocr_par' dir='ltr' id='par_1_11' title="bbox 1982 491 2074 542">
     <span class='ocr_line' id='line_1_38' title="bbox 1982 491 2074 542; baseline 0 -17"><span class='ocrx_word' id='word_1_203' title='bbox 1982 491 2074 542; x_wconf 69' lang='lat'><strong>175</strong></span> 
     </span>
    </p>
   </div>
   <div class='ocr_carea' id='block_1_3' title="bbox 1977 855 2076 900">
    <p class='ocr_par' dir='ltr' id='par_1_12' title="bbox 1977 855 2076 900">
     <span class='ocr_line' id='line_1_39' title="bbox 1977 855 2076 900; baseline 0 -5"><span class='ocrx_word' id='word_1_204' title='bbox 1977 867 1992 895; x_wconf 63' lang='grc' dir='ltr'>ι</span> <span class='ocrx_word' id='word_1_205' title='bbox 2011 855 2076 900; x_wconf 74' lang='lat'><strong>80</strong></span> 
     </span>
    </p>
   </div>
   <div class='ocr_carea' id='block_1_4' title="bbox 1972 1230 2065 1288">
    <p class='ocr_par' dir='ltr' id='par_1_13' title="bbox 1972 1230 2065 1288">
     <span class='ocr_line' id='line_1_40' title="bbox 1972 1230 2065 1288; baseline 0 -20"><span class='ocrx_word' id='word_1_206' title='bbox 1972 1230 2065 1288; x_wconf 72' lang='lat'><strong>183</strong></span> 
     </span>
    </p>
   </div>
   <div class='ocr_carea' id='block_1_5' title="bbox 1967 1998 2062 2046">
    <p class='ocr_par' dir='ltr' id='par_1_14' title="bbox 1967 1998 2062 2046">
     <span class='ocr_line' id='line_1_41' title="bbox 1967 1998 2062 2046; baseline -0.032 0"><span class='ocrx_word' id='word_1_207' title='bbox 1967 1998 2062 2046; x_wconf 74' lang='grc' dir='ltr'><strong>Ι95</strong></span> 
     </span>
    </p>
   </div>
   <div class='ocr_carea' id='block_1_6' title="bbox 1965 2375 2065 2409">
    <p class='ocr_par' dir='ltr' id='par_1_15' title="bbox 1965 2375 2065 2409">
     <span class='ocr_line' id='line_1_42' title="bbox 1965 2375 2065 2409; baseline -0.01 0"><span class='ocrx_word' id='word_1_208' title='bbox 1965 2375 2065 2409; x_wconf 88' lang='lat'><strong>200</strong></span> 
     </span>
    </p>
   </div>
   <div class='ocr_carea' id='block_1_7' title="bbox 1954 2751 2052 2797">
    <p class='ocr_par' dir='ltr' id='par_1_16' title="bbox 1954 2751 2052 2797">
     <span class='ocr_line' id='line_1_43' title="bbox 1954 2751 2052 2797; baseline 0 -17"><span class='ocrx_word' id='word_1_209' title='bbox 1954 2751 2052 2797; x_wconf 66' lang='lat'><strong>205</strong></span> 
     </span>
    </p>
   </div>
   <div class='ocr_carea' id='block_1_8' title="bbox 1779 2960 1978 3007">
    <p class='ocr_par' dir='ltr' id='par_1_17' title="bbox 1779 2960 1978 3007">
     <span class='ocr_line' id='line_1_44' title="bbox 1779 2960 1978 3007; baseline 0.005 -2"><span class='ocrx_word' id='word_1_210' title='bbox 1779 2960 1978 3007; x_wconf 85' lang='lat' dir='ltr'>THO-</span> 
     </span>
    </p>
   </div>
  </div>
 </body>
</html>
