2284 3436
351 201 416 258 48
935 191 976 237 L
1054 191 1076 236 Ῑ
1158 193 1193 238 E
1274 191 1314 236 E
1391 187 1434 235 R

423 277 539 335 Quae
578 266 765 318 Meritis
803 282 993 330 expers,
1034 263 1218 313 exotica
1264 265 1434 323 Fama,
1476 277 1699 327 caputque

416 351 463 398 It
502 347 675 396 circum
719 341 905 398 ludens,
948 359 1096 405 neque
1140 339 1291 388 cordis
1334 339 1389 386 ad
1432 337 1598 386 intima
1643 334 1813 401 serpit3

418 425 605 488 Quippe
647 423 804 479 Hora,
847 416 1038 464 interius
1078 434 1175 480 quae
1216 416 1401 470 laudet,
1443 414 1660 479 praevalet
1703 413 1882 467 Annis,
1971 429 2068 476 253

418 499 515 560 Qii
560 495 720 561 stupidi
766 492 974 541 resonent
1015 491 1202 554 plausu,
1245 490 1527 550 fremituque
1570 486 1783 553 Pupelli3

419 580 485 625 Et
531 590 660 640 mage
699 587 809 636 pura
849 567 928 616 sibi
973 564 1226 614 Marcellus
1267 561 1452 627 colligit
1496 563 1623 610 exsul
2021 574 2034 594 s

422 652 633 707 Gaudia,
673 663 809 711 quam
854 642 1006 691 Caesar
1049 656 1151 688 toto
1190 638 1382 703 stipante
1427 642 1628 687 Senatu.
1697 642 1701 646 ’

423 727 552 784 Ede,
596 722 937 775 HENRICE,
976 713 1131 773 mihi,
1171 718 1250 763 Tu
1290 712 1369 777 qui
1414 730 1569 777 potes,
1609 712 1720 770 ede,
1747 712 1858 777 quid
1901 713 2002 760 altae

418 805 553 851 Dant
596 795 774 846 Mentis
814 798 1002 844 Dote‘s?
1044 788 1279 856 Sapientia
1322 805 1486 854 magna
1530 789 1640 854 quid
1684 786 1855 836 affert?
1976 789 2077 837 260

412 881 597 942 Nempe
637 874 723 921 hoc
765 870 875 919 scire
914 868 1069 924 datur,
1115 882 1251 932 quam
1293 862 1397 912 sc1ri
1443 864 1632 927 paucula
1676 864 1875 929 possint,

417 957 623 1002 Cernere
667 946 779 1013 quid
820 961 1006 1012 peccent
1050 939 1159 998 alii,
1205 939 1370 988 sentire
1410 938 1520 1003 quid
1562 938 1640 1004 ipsi
1668 975 1678 986 .

415 1028 604 1077 Solvere
647 1029 742 1072 Res
783 1038 991 1086 magnas,
1034 1034 1239 1082 reparare
1280 1013 1485 1062 addietus
1529 1014 1572 1059 8<
1614 1018 1782 1069 Artes,

407 1102 518 1151 Vin’
561 1102 647 1148 sine
690 1096 922 1162 praesidio,
963 1093 1051 1140 fine
1091 1091 1237 1154 judice
1280 1106 1485 1152 promere
1528 1089 1677 1145 Vera,

409 1181 511 1225 Aut
554 1172 717 1223 Patriae
759 1169 924 1218 fluRus
965 1164 1178 1232 periturae
1219 1180 1365 1211 arcere
1414 1160 1692 1210 minantes?
1961 1184 1988 1215 2,
2013 1168 2072 1230 63

415 1251 625 1316 Quisque
669 1248 837 1302 timet,
879 1244 1117 1306 nullusque
1147 1239 1304 1298 levat,
1342 1239 1563 1302 paucique
1606 1255 1766 1288 tenent
1807 1240 1904 1288 Te.

416 1326 590 1375 Infelix
636 1322 830 1370 nimium
866 1316 1151 1373 Praestantia,
1189 1333 1285 1380 quae
1327 1314 1456 1361 Mala
1500 1313 1682 1361 ve5³tam

418 1408 473 1450 Se
514 1401 673 1465 supra,
712 1401 755 1445 8<
801 1396 924 1443 Vitae
964 1394 1134 1459 pariter
1176 1390 1413 1438 Solamina
1453 1389 1630 1438 cernit!

413 1484 641 1542 Supputet
685 1474 776 1520 haec
819 1475 962 1520 Ratio
1003 1466 1149 1515 felicis
1188 1463 1353 1532 gaudia
1395 1463 1572 1522 Sortis,

411 1552 552 1614 Qod
595 1551 688 1607 fas,
730 1548 974 1601 subducat,
1017 1543 1261 1606 videatque
1302 1538 1413 1605 quid
1456 1536 1562 1586 inde
1605 1538 1818 1604 superfit.
1975 1559 2076 1600 270

414 1632 574 1688 Quam
617 1625 723 1688 saepe
767 1622 953 1670 alterius
989 1618 1053 1667 fas
1095 1634 1235 1665 unum
1279 1633 1478 1678 qraerere
1520 1615 1717 1666 damno!

412 1707 567 1764 Quam
613 1700 721 1764 saepe
765 1697 952 1746 alterius
994 1709 1090 1741 tota
1133 1691 1193 1739 est
1239 1691 1408 1755 jaff’tura
1451 1689 1650 1737 necesse!

410 1782 566 1839 Qiam
610 1781 737 1824 Bona
782 1772 889 1837 saepe
930 1771 1070 1818 Bonis
1115 1768 1283 1833 majora
1325 1765 1582 1813 minoribus
1621 1764 1823 1817 obstant!

412 1853 561 1913 Queis
604 1850 752 1898 secura
794 1846 978 1907 Quies,
1023 1842 1150 1909 queis
1191 1841 1308 1889 Vita
1350 1841 1527 1905 objeffia
1571 1839 1780 1903 periclis!

413 1934 523 1977 Hae:
567 1943 753 1992 reputa.
799 1923 984 1970 Invidia
1028 1936 1137 1966 num
1183 1915 1383 1982 tangeris
1426 1914 1657 1980 amplius?
1698 1917 1742 1962 8<
1786 1932 1831 1963 te
1971 1936 2066 1986 273

412 2004 512 2053 Effe
555 2018 692 2050 unum
736 2018 794 2045 ex
837 1997 962 2053 illis,
1005 1993 1136 2058 queis
1178 1994 1290 2038 Fors
1333 1991 1424 2037 haec
1470 1989 1677 2054 objicit,
1710 1990 1875 2054 optas?

411 2080 462 2127 Si
508 2095 591 2143 pro
639 2074 865 2123 Funiculo
910 2076 980 2137 (⁷1
1016 2071 1038 2135 )
1084 2066 1270 2132 suspiras
1313 2065 1552 2123 molliter,
1596 2064 1780 2112 Umbrae
1820 2065 1944 2132 (2)

413 2150 578 2216 Aspice
619 2168 715 2215 quae
756 2149 924 2204 fuerit,
964 2163 1062 2211 quae
1104 2144 1225 2208 turpi
1271 2142 1438 2190 G?oria
1482 2140 1639 2188 Billo:
1683 2141 1699 2205 (
1733 2157 1756 2201 3
1793 2136 1810 2200 )

410 2230 564 2276 Flavae
607 2242 811 2273 tentatur
852 2223 936 2270 tibi
978 2223 1096 2270 Vita
1138 2218 1350 2284 cupidine
1393 2215 1561 2284 glebae?

411 2307 542 2352 Ante
573 2304 729 2348 ocuios
747 2302 919 2364 Gripus
951 2297 973 2360 (
1002 2315 1036 2360 4
1067 2297 1116 2358 )‚
1136 2295 1325 2359 Conjux
1353 2292 1614 2340 {it&anxia
1645 2291 1816 2357 Gripi.
1843 2295 1860 2359 (
1885 2309 1909 2356 5
1932 2292 1947 2356 )
1973 2298 2073 2345 280

406 2378 454 2428 Si
509 2379 658 2425 Dotes
699 2375 876 2432 inhias,
918 2372 1062 2430 vide,
1104 2387 1153 2418 ut
1195 2370 1286 2416 alva
1331 2371 1499 2414 Mente
1539 2369 1751 2415 Berconus
1794 2372 1809 2434 (
1848 2368 1929 2431 6)

406 2459 537 2504 Ante
579 2449 693 2500 alios
734 2450 944 2507 radians,
988 2463 1091 2494 toto
1132 2443 1405 2509 turpissimus
1443 2443 1572 2489 Orbe
1612 2442 1698 2492 est:

412 2534 515 2580 Aut
553 2528 583 2575 si
625 2526 857 2592 conspicui
901 2541 943 2572 te
987 2519 1212 2573 Nominis
1253 2516 1422 2584 abripit
1464 2536 1600 2578 aura,
1660 2535 1664 2538 ·

1793 2596 1998 2642 Damna-

309 2748 332 2795 (
363 2760 377 2784 1
409 2747 430 2794 )
457 2745 595 2794 Insigne
625 2745 814 2782 Honoris.
1196 2746 1371 2778 terrarum
1413 2735 1585 2783 implevit
1608 2764 1616 2772 .
1655 2733 1720 2772 Sed
1761 2744 1841 2769 cum
1880 2727 2066 2767 accusatus

311 2800 331 2845 (
360 2812 392 2836 2.
424 2810 457 2847 3.
485 2811 521 2844 4.
557 2809 589 2841 5.
618 2800 634 2843 )
662 2797 821 2841 Quinum
852 2797 942 2841 sint,
973 2794 1031 2831 vel
1060 2790 1138 2830 fue·
1193 2793 1278 2829 esset
1305 2797 1428 2827 tantus
1459 2789 1512 2824 vir
1540 2788 1582 2824 de
1611 2787 1706 2822 mala
1751 2794 1867 2819 rerum
1909 2780 2070 2817 admini-

259 2848 332 2886 rint
360 2850 515 2897 ii‚q·ios
545 2848 603 2885 hic
634 2848 765 2885 Αυξὶυι·
795 2847 939 2895 carpit,
967 2846 1131 2891 ignotum
1189 2844 1358 2879 stratione
1384 2868 1394 2885 ‚
1423 2840 1457 2876 δι
1489 2837 1636 2884 pecunia
1667 2835 1700 2871 se
1728 2843 1937 2881 corruptum
1967 2831 2068 2872 fuisse

256 2900 330 2935 est.
362 2901 506 2949 aliquid
537 2912 632 2937 certe
679 2898 822 2936 monstri
863 2899 922 2934 hic
969 2897 1133 2933 innuitur
1187 2893 1245 2929 vel
1275 2891 1350 2937 ipse
1380 2888 1554 2926 confessus
1582 2887 1689 2931 esset,
1731 2884 1914 2933 dignitate
1946 2884 2064 2932 pristi-

254 2948 318 2986 sub
345 2949 441 2988 sistis
470 2951 704 2988 nominibus.
1184 2957 1228 2980 na
1259 2939 1482 2976 cancellarii
1515 2937 1692 2985 spoliatus
1721 2936 1791 2985 est,
1820 2935 1857 2974 &
1885 2943 2063 2983 tanquam

301 3001 322 3049 <
348 3004 373 3038 6
401 3002 420 3048 )
447 3002 582 3041 Baeoni
611 3000 800 3053 ingenium
841 3007 964 3041 totum
1001 2998 1126 3037 orbem
1184 2991 1333 3035 infamis
1361 2990 1407 3029 est
1435 2988 1586 3042 habitus
1609 3014 1618 3027 .
