2284 3436
695 117 729 161 P
809 113 852 160 R
932 115 954 158 1
1038 114 1095 158 Μ
1174 113 1218 156 U
1297 114 1352 157 s.
1810 132 1834 170 9

280 196 397 241 Non
441 208 546 254 pote
589 205 682 236 non
723 186 912 252 justum,
952 201 1040 249 qua
1077 183 1264 248 respicit
1307 182 1514 242 Omnia,
1553 184 1672 231 dici.

279 271 599 314 Humanorum
644 270 1183 326 operffni⁷,‘³‘quamquani
1224 257 1350 304 labor
1389 257 1643 321 improbus¹
1669 276 1824 324 urget,

278 340 436 388 Millia
478 337 562 386 vix
602 355 716 384 unus
756 333 959 399 sequitur
1003 332 1250 380 molimina
1291 330 1472 395 Finis3v

272 421 367 472 At,
408 414 663 476 Finemque
703 410 829 458 suum
872 426 1006 456 motu
1046 406 1116 454 vis
1157 405 1381 456 Numinis
1424 422 1513 452 uno
1856 430 1908 473 53

271 486 488 552 Arripit,
531 487 672 550 inque
711 484 824 531 alios
862 483 1005 528 etiam
1046 482 1101 525 se'
1128 482 1269 527 vertit
1312 480 1360 526 in
1405 482 1529 528 usus.
1563 506 1565 509 .

269 564 344 610 Sic
386 566 573 621 Homo,
613 557 693 623 qui
737 556 883 604 nostro
924 572 1043 601 nunc
1086 553 1256 616 primus
1297 554 1343 600 in
1385 555 1546 600 ordine
1583 555 1726 618 fertur

270 638 449 695 Abior,
492 635 541 683 in
582 633 743 700 igno-to
778 629 958 677 fortasse
1000 626 1215 675 secundus
1255 625 1430 684 abibit,

275 714 441 759 Moror
480 710 625 758 eritve
666 721 806 763 rotae,
845 705 918 751 vel
964 702 1078 750 stans
1124 721 1206 767 pro
1248 720 1424 750 carcere
1469 700 1639 770 liffior3

281 786 440 833 Obvia
483 800 679 848 namque
718 779 865 828 oculis
905 782 1010 826 Pars
1053 779 1141 836 est,
1183 781 1453 841 Totumque
1491 775 1612 844 fugit
1658 799 1765 831 nos.
1853 793 1913 836 60

276 863 399 906 Cum
443 859 553 907 sciet
596 855 852 905 indomitus
893 851 1111 919 Sonipes,
1156 869 1236 899 cur
1277 852 1437 900 dextra
1478 852 1653 900 feroces

277 933 536 982 Contineat
576 932 754 989 cursu8‚
796 945 1017 995 campove
1059 926 1286 975 immittat
1331 943 1532 993 apert03

271 1013 396 1056 Cum
437 1006 636 1072 stupidus
675 1010 792 1062 Bos,
832 1022 911 1052 cur
949 1003 1098 1070 glebas
1142 1003 1280 1050 modo
1320 1003 1500 1068 frangat
1526 1000 1742 1070 inertes,

277 1082 439 1130 Hostia
482 1083 625 1146 sitque
666 1079 838 1138 modO,
878 1080 927 1125 ὃ(
968 1076 1145 1125 Phariis
1186 1077 1323 1124 modo
1363 1083 1553 1126 Numen
1596 1078 1643 1126 in
1684 1086 1807 1151 oris3

275 1160 412 1204 Tunc
451 1161 620 1220 Stupor
659 1152 848 1201 humani
888 1152 1045 1200 Fastus
1087 1149 1329 1217 cognoscet
1371 1153 1534 1217 agendi
1851 1165 1912 1225 55

274 1229 538 1295 Principia,
579 1227 876 1292 Affefflusque
919 1225 1052 1285 suos,
1095 1228 1260 1292 quibus
1303 1225 1450 1274 usibus
1487 1245 1644 1287 ortus,

272 1308 374 1353 Cur
414 1307 458 1352 ὃ(
500 1323 669 1372 agens,
714 1301 982 1368 patiensque
1026 1301 1185 1361 fimul,
1227 1300 1481 1366 preffusve‚
1516 1305 1593 1351 vel
1638 1306 1791 1367 aestus,

272 1384 337 1427 Et
378 1381 515 1427 modo
555 1379 635 1443 qui
676 1383 843 1426 Servus
872 1413 885 1434 ‚
927 1377 1074 1424 subito
1114 1378 1166 1424 fit
1209 1375 1394 1424 turbine
1436 1381 1656 1428 Numen.

271 1458 399 1521 Ergo
446 1470 662 1502 mancum
703 1451 963 1500 Hominem
1003 1470 1056 1499 ne
1098 1452 1249 1509 dicas,
1292 1469 1407 1499 neve
1450 1453 1657 1519 maligno

275 1530 506 1577 Exortum
550 1529 707 1588 Caelo,
751 1526 851 1587 sed,
893 1543 1031 1591 quem
1074 1529 1091 1593 (
1130 1527 1197 1590 ι)
1238 1524 1329 1582 fas,
1376 1526 1492 1586 esse,
1532 1530 1753 1595 Locoque
1851 1555 1923 1602 7&

272 1603 515 1652 Notitiam
561 1601 720 1668 cepisse
763 1619 946 1667 parem,
988 1601 1205 1668 Sortique
1244 1599 1517 1667 secundam3

270 1680 357 1725 Pro
400 1678 560 1745 Spatio
604 1677 665 1725 est
705 1676 790 1724 olli
832 1677 1084 1743 punctum,
1127 1696 1209 1743 pro
1251 1679 1484 1740 Tempore
1526 1674 1705 1743 fulgur.

271 1756 428 1816 Atque
470 1753 568 1810 ita,
610 1752 640 1798 si
689 1768 816 1799 certo
855 1751 1078 1815 perfetstus
1121 1752 1171 1799 in
1220 1749 1400 1800 Ordine
1443 1768 1593 1799 rerum
1632 1755 1716 1812 est,

270 1826 402 1873 Sitne
443 1827 568 1884 cito,
608 1843 663 1873 an
705 1824 827 1885 sero,
867 1824 979 1873 fitne
1020 1825 1097 1873 hic
1139 1827 1182 1872 Is
1222 1822 1360 1882 talis,
1404 1841 1460 1871 an
1489 1822 1620 1885 illic,

277 1898 405 1958 Quid
446 1900 615 1957 refert,
659 1899 789 1964 hujus
829 1898 859 1945 fi
897 1898 1012 1946 felix
1055 1901 1152 1947 vita
1192 1899 1285 1947 diei
1847 1926 1912 1974 73

277 1976 364 2022 Par
403 1972 476 2022 illi
509 1975 600 2034 est,
641 1991 738 2038 quae
781 1973 910 2021 mille
951 1972 1034 2020 suae
1073 1975 1151 2022 dat
1190 1973 1390 2041 originis
1430 1976 1603 2024 annos?

268 2047 491 2097 Celantur
532 2048 712 2097 cunctis
751 2065 913 2096 arcana
952 2048 1193 2097 volumina
1232 2051 1370 2113 Fati,

269 2124 376 2171 Ulli
419 2142 501 2173 nec
543 2122 773 2189 propriam
813 2123 877 2170 fas
920 2124 1039 2172 ultra
1079 2143 1261 2174 cernere
1305 2131 1523 2179 Sortem:

268 2198 435 2247 Cernit
475 2202 665 2256 Homo,
707 2215 806 2263 quae
846 2202 989 2247 Bruta
1028 2198 1203 2260 latent,
1244 2201 1314 2250 sed
1358 2204 1551 2254 luminis
1594 2209 1732 2256 orbus

267 2272 515 2340 Angelici.
557 2273 653 2322 Hic
695 2272 831 2322 aliter
865 2272 1074 2338 quisnam
1115 2275 1350 2325 consistere
1391 2280 1565 2343 poffit?
1845 2285 1910 2333 80

273 2349 398 2408 Hic,
428 2364 505 2396 tua
545 2348 720 2397 crudeli
753 2366 890 2413 quern
931 2350 1118 2398 damnat
1160 2368 1309 2400 morte
1350 2353 1610 2422 Voluptas,

269 2423 320 2471 Si
364 2440 441 2472 tua
486 2427 622 2472 Mens
662 2423 794 2483 effer,
843 2421 1002 2472 saliens
1043 2440 1151 2471 num
1193 2426 1370 2476 luderet
1410 2437 1614 2497 Agnus?

269 2500 422 2545 Laetus
464 2497 660 2562 adusque
702 2514 857 2545 necem
897 2497 1108 2546 florentia
1147 2501 1312 2564 pabula
1355 2507 1529 2569 carpit,

268 2567 460 2618 Lambit
502 2574 548 2619 ὃς
588 2571 869 2636 appositam,
914 2589 1190 2637 pronamque
1233 2575 1280 2623 in
1322 2578 1508 2628 vulnera
1550 2580 1787 2634 dextram.

271 2649 318 2692 O
362 2648 467 2695 Lux
496 2684 511 2708 ,
548 2665 577 2695 0
620 2645 815 2694 nimium
855 2647 989 2694 nobis
1031 2649 1139 2695 bene
1181 2651 1304 2698 tecta
1342 2652 1516 2714 futuri,
1848 2664 1909 2725 85

1244 2727 1281 2772 B
1707 2735 1837 2796 Quis-

165 2899 187 2945 (
215 2908 233 2934 x
263 2899 286 2945 )
311 2897 377 2936 Vel
405 2910 449 2937 ex
477 2900 626 2939 Naturae
663 2901 830 2942 humanae
856 2903 1096 2955 conditione,
1123 2908 1181 2946 vel
1209 2920 1252 2946 ex
1279 2922 1383 2959 poena
1414 2917 1566 2960 peccato
1592 2910 1739 2956 debita.
