2284 3436
246 181 882 269 LECTORI
1015 181 1919 256 INTERPRE&“

259 363 397 424 ,.,,,’-,
479 414 488 417 ,
552 353 649 411 0st
690 367 774 409 tot
812 351 1089 408 Verfiones
1139 349 1362 427 Popiani
1413 354 1681 409 Poematis
1717 354 1781 408 de
1821 360 1934 412 Ho.

227 492 233 501 ,
278 407 536 506 ‘Gi
578 433 724 489 mine
777 452 897 488 curn
947 429 1116 486 soluta
1144 471 1159 501 ‚
1187 447 1304 485 tum
1346 428 1514 506 ligata
1556 432 1789 488 numeris
1825 453 1936 492 ora-

152 526 157 534 *
233 508 253 573 ζ
299 499 311 510 ⁸
379 498 514 567 *t
577 510 743 567 tio'ne.
768 527 859 582 per
895 504 1083 562 Gallos
1109 547 1124 576 ,
1153 506 1421 581 [talosque
1459 514 1781 586 Interpretes
1817 532 1939 569 con·

237 578 251 586 ξ
525 584 529 588 ’
578 588 819 644 cinna-tas
855 585 1054 640 iterum
1092 584 1286 660 Popius·
1329 586 1663 643 transformis
1704 590 1766 645 ad
1807 591 1937 647 nos?

291 713 305 723 t
332 661 435 738 Ξῖ
486 702 512 745 j
578 664 828 744 Quidni,
865 663 1009 738 quod
1050 659 1171 718 aliis
1209 663 1432 739 Linguis
1469 665 1689 741 impune
1732 665 1886 724 licuit
1918 713 1934 740 ‚

307 744 312 747 ’
372 745 509 804 ³2
577 745 784 801 Latinae
824 742 993 798 etiam
1050 739 1257 813 liceat,
1309 763 1479 818 eoque
1531 746 1743 821 magiS,
1792 751 1936 821 quod

582 821 898 878 Britannico
935 820 1144 876 dicendi
1194 821 1376 877 robori
1429 825 1780 898 exprimendo
1819 827 1925 881 for-

120 904 244 961 tasse
289 901 400 959 sola
449 923 544 979 par
580 899 696 958 est?
743 905 893 976 Opus
942 916 1083 956 certe
1120 899 1293 975 ipsum
1343 899 1725 978 Philosophica
1776 904 1947 976 maje-.

118 982 249 1039 state
295 979 479 1054 simul,
510 985 562 1037 8<
599 980 817 1036 Poetica
855 977 1192 1035 sublimitate
1233 978 1472 1035 eminens
1510 1001 1617 1037 non
1655 981 1939 1057 indignum

117 1079 179 1116 ea
234 1064 442 1136 Lingua
494 1059 708 1114 videtur
746 1097 764 1128 ,
834 1077 950 1130 quae
1001 1057 1266 1111 summam
1316 1059 1675 1131 granditatem
1727 1061 1936 1117 summo

116 1138 362 1214 Imperio
405 1137 811 1212 respondentem
853 1134 1046 1189 habuit
1072 1174 1086 1188 .
1140 1133 1373 1190 Utinam
1413 1136 1615 1210 Anglia
1665 1139 1935 1196 eximium

114 1214 416 1272 Alumnum
456 1216 547 1270 sub
600 1215 701 1270 hac
742 1212 1022 1288 peregrina
1073 1211 1239 1287 specie
1288 1213 1437 1268 suurn
1488 1217 1641 1288 possit
1691 1218 1937 1292 agnosce-

115 1314 203 1366 re,
238 1314 331 1350 nec
385 1292 649 1366 majorem
691 1291 831 1347 forte
882 1289 1108 1346 inim-ico
1159 1291 1496 1363 Crousatio,
1545 1314 1709 1368 quam
1757 1295 1936 1352 amico

113 1371 403 1448 Interpreti
443 1371 695 1427 habitura
733 1370 795 1424 fit
831 1368 1062 1444 gratiam
1090 1408 1105 1423 .
1147 1366 1444 1425 Calumniae
1483 1370 1770 1446 siquidem,
1809 1395 1937 1448 quas

114 1448 207 1505 ille
243 1449 419 1505 nescio
461 1448 654 1523 quibus
691 1446 1030 1521 intemperiis
1081 1446 1224 1502 aE’tus
1278 1448 1529 1503 evomuit
1557 1490 1574 1519 ,
1628 1470 1733 1506 non
1772 1454 1937 1509 modo

112 1525 317 1584 nullam
369 1525 720 1601 integerrimo
758 1524 988 1580 AuS'tori
1041 1527 1343 1580 conflavere
1392 1526 1652 1582 invidiam
1695 1570 1711 1599 ‚
1761 1530 1845 1585 sed
1883 1551 1938 1586 0-

112 1605 322 1662 mnium
360 1604 536 1660 immo
576 1606 631 1659 in
666 1603 840 1680 ipsum
878 1603 1045 1659 studia
1070 1623 1134 1658 eo
1161 1605 1326 1660 acrius
1362 1603 1671 1662 incendere.
1699 1605 1937 1665 Philoso-

112 1687 281 1760 phum
322 1684 432 1757 jam
473 1703 659 1739 omnes
698 1685 750 1738 in
787 1681 959 1758 Popio
997 1683 1259 1759 profunda
1315 1682 1561 1740 dofflina
1608 1686 1887 1760 praeditum
1920 1730 1936 1759 ‚

113 1767 164 1817 8<
203 1766 427 1816 Poetam
474 1759 686 1816 lacertis
710 1801 727 1830 ,
753 1781 813 1815 ac
852 1760 1058 1815 viribus
1097 1777 1484 1834 praepotentem
1524 1760 1680 1837 plane
1723 1766 1935 1835 vident,

111 1860 172 1896 ac
210 1838 443 1895 sentiunt
470 1878 488 1908 ‚
522 1857 632 1893 non
665 1836 949 1892 Theistam
989 1834 1271 1912 Religioni
1316 1838 1580 1895 infensum
1610 1882 1625 1911 ,
1666 1840 1753 1897 vel
1799 1845 1936 1917 Phy-

109 1918 380 1973 fiotheum
432 1913 625 1991 puerili
676 1914 967 1970 formidine
1021 1916 1466 1990 perhorrescunt3
1518 1938 1609 1973 nec
1651 1960 1667 1988 ‚
1718 1921 1753 1974 fi
1805 1924 1934 1995 quid

111 1996 365 2071 ambigue
392 2035 410 2066 ,
447 1992 535 2050 vel
572 2014 760 2070 parum
799 2010 952 2051 caute
989 1995 1057 2049 ab
1097 2013 1162 2050 eo
1202 1993 1404 2050 dietum
1451 1994 1763 2071 intelligunt
1791 2040 1807 2068 ,
1855 1999 1932 2055 sa-

111 2074 182 2129 tis
222 2074 382 2130 causae
422 2072 517 2127 fibi
564 2074 661 2128 esse
700 2088 890 2149 putant
930 2072 994 2128 ad
1033 2093 1156 2129 eum
1214 2072 1392 2129 statim
1430 2074 1621 2146 injuria
1671 2076 1929 2133 damnan-

111 2152 237 2207 dum
268 2194 285 2224 ‚
310 2152 400 2227 qui
441 2151 490 2207 se
531 2150 748 2207 Poetice
789 2148 1206 2227 philosophari,
1236 2171 1342 2207 non
1380 2152 1444 2208 ad
1483 2152 1710 2228 rigidam
1749 2156 1932 2212 Theo-

109 2227 267 2306 logiae
306 2231 540 2286 formam
584 2229 805 2286 scribere
848 2230 1130 2305 profitetur
1156 2272 1169 2285 .
1206 2230 1399 2286 Libere
1440 2230 1622 2306 itaque
1658 2229 1930 2288 celeberri-

110 2327 228 2363 mus
263 2310 469 2364 Auf‘tor
504 2328 609 2365 non
652 2328 903 2366 mancum
939 2305 1171 2384 amplius
1198 2350 1214 2379 ,
1240 2326 1297 2364 ut
1336 2326 1494 2366 antea
1521 2348 1538 2381 9
1568 2329 1677 2366 non
1717 2310 1930 2368 interci-

111 2385 224 2441 sum
275 2387 507 2460 misere,
555 2407 663 2443 non
713 2407 992 2464 perperam
1040 2388 1355 2463 castigatum
1386 2430 1401 2459 ‚
1450 2408 1555 2445 non
1610 2387 1789 2446 alieno
1844 2388 1928 2446 10-

109 2479 366 2538 quentem
406 2486 498 2521 ore
538 2485 645 2522 non
684 2467 770 2523 sua
798 2508 814 2537 ‚
866 2466 948 2521 sed
987 2466 1129 2541 quasi
1181 2468 1248 2522 ab
1298 2466 1524 2524 interitu
1570 2484 1880 2525 revocatum
1908 2511 1925 2541 ‚

111 2540 285 2617 qualis
311 2584 328 2613 ‚
363 2546 413 2598 8<
456 2561 683 2618 quantus
722 2544 794 2600 est
823 2584 839 2616 ‚
887 2543 1106 2620 plenum
1138 2583 1156 2614 ‚
1203 2548 1253 2600 8<
1293 2545 1564 2620 integrum
1610 2547 1712 2602 sese
1762 2547 1925 2602 sistere

109 2620 285 2694 potest
312 2662 324 2675 .
363 2623 636 2696 Quamvis
675 2622 823 2679 enirn
863 2622 971 2695 ejus
1011 2625 1159 2698 Opus
1185 2662 1202 2695 ,
1259 2623 1405 2698 quod
1451 2623 1648 2700 ubique
1689 2625 1929 2681 divinam

110 2697 275 2771 spirat
313 2699 717 2757 Providentiam
747 2742 763 2771 ‚
800 2703 850 2756 8<
892 2701 1195 2776 supremum
1234 2722 1411 2758 rerum
1458 2703 1706 2759 omnium
1748 2702 1926 2778 Opifi-

109 2793 226 2833 cem
262 2796 293 2834 a
326 2779 478 2834 rebus
512 2778 634 2855 ipsis
673 2778 977 2836 distinS’cum
1016 2780 1283 2854 exhibet,
1324 2780 1388 2838 iis
1421 2783 1577 2858 possit
1617 2780 1922 2913 deltrimgxiti

1635 2879 1663 2914 a
1691 2878 1802 2933 iqui
