2284 3436
431 190 529 235 126
751 186 1268 242 JOANNIS
1358 191 1737 245 COSTA

497 260 676 310 PeElori
718 260 990 310 incumbens
1030 260 1187 310 amico
1227 261 1441 328 Spiritus,-
1465 263 1568 312 fidit
1606 264 1773 328 fugax:

486 336 707 384 Guttulas
748 336 844 402 pias
882 335 1123 403 requirunt
1163 338 1273 404 juffa
1313 338 1465 387 claudi
1502 338 1706 389 lumina:

491 411 623 472 Quin
663 411 831 460 sonans
871 417 1060 461 Naturae
1100 411 1155 459 ab
1193 411 1290 478 ipso
1328 415 1439 464 Vox
1483 412 1688 480 sepulcro
1726 413 1936 466 clamitat
1964 455 1979 477 ,

496 490 656 551 Atque
703 485 866 552 primis
907 487 1043 553 usque
1086 485 1233 536 vivax
1274 489 1431 554 pulvis
1471 490 1596 538 ardet
1636 488 1850 554 ignibus.

488 563 559 609 At
598 562 708 626 quid
746 561 864 610 olim
905 567 979 611 Te
1018 561 1224 611 futurum
1256 563 1379 623 reris
1422 564 1542 631 ipse,
1582 566 1663 632 qui
1703 581 1880 615 memor
2040 587 2138 621 100

490 635 745 684 Illaborato
788 655 948 685 canore
989 639 1295 688 Mortuorum
1338 638 1544 707 ingloria.

487 711 633 759 faeta
674 711 861 760 claras?
900 713 1054 779 Siquis
1096 732 1211 763 unus
1251 714 1410 783 ingeni
1452 716 1633 765 consors
1675 715 1744 767 tui

483 787 626 833 Forte
667 788 1010 852 contemplator
1050 789 1195 840 isthuc
1236 791 1353 839 solus
1392 790 1549 841 afferet
1593 794 1782 858 pedem,

475 862 593 908 Fors
635 876 764 909 tuum
803 861 949 911 fatum
989 866 1173 929 roganti
1215 867 1370 915 Pastor
1412 866 1604 917 incanus
1648 882 1785 933 caput

482 933 654 983 Dicet:
698 972 728 995 ‚,
773 936 911 986 Illum
955 936 1155 1003 saepe-in
1186 940 1296 1006 ¹ipso
1334 941 1496 991 limine
1538 942 1737 992 albentis
1776 942 1853 997 die
2037 962 2134 1007 105

398 1042 437 1070 -„
475 1008 727 1058 Roscidum
767 1029 978 1059 verrente
1019 1030 1209 1074 gramen
1246 1016 1318 1067 >irc
1360 1018 1579 1068 vidimus
1606 1020 1755 1078 gradu-

403 1119 435 1145 ‚,
474 1083 806 1143 concitatum,
847 1083 969 1129 Solis
1007 1082 1101 1130 orti
1143 1098 1238 1146 quo
1276 1083 1523 1149 resurgens<
1555 1085 1762 1148 obvius,

400 1193 435 1219 a,
474 1156 724 1205 Montuosa
764 1175 853 1223 qua
895 1154 1085 1222 patescit
1124 1173 1237 1215 ora,
1274 1175 1481 1222 carperet
1521 1159 1679 1225 jubar.

400 1265 432 1291 „
471 1231 549 1279 Ad
590 1232 727 1297 pedes
766 1232 979 1282 nutantis
1019 1231 1118 1281 illic
1159 1231 1238 1280 ille
1277 1232 1403 1300 fagi,
1445 1233 1544 1301 quae
1584 1235 1674 1284 suis
1706 1268 1708 1271 -
1818 1290 1820 1293 ,

400 1342 431 1365 „
471 1306 675 1355 Tortilis
717 1307 837 1357 ludit
878 1306 1068 1356 vetustis
1108 1307 1548 1372 altiusradicibus,
2042 1332 2142 1366 110

399 1415 430 1440 ,‚
471 1381 805 1448 Negligentius
848 1382 1119 1447 per-aestum
1165 1383 1511 1449 longitudinem
1552 1384 1677 1443 suam
1719 1440 1721 1443 Α
1844 1441 1846 1443 ,

396 1491 427 1514 ,,
468 1458 645 1504 Lentus
686 1456 885 1524 abjecit,
926 1457 1173 1524 strepentis
1210 1458 1328 1507 fixus
1370 1459 1420 1508 in
1462 1460 1557 1519 rivi
1600 1478 1789 1527 caput.-
1828 1475 1829 1479 ’

392 1567 425 1593 ,,
464 1531 556 1579 Ille
594 1530 703 1597 saepe
746 1548 934 1599 propter
973 1534 1094 1583 illud
1140 1533 1343 1599 asperum
1387 1536 1562 1595 erravit
1603 1554 1766 1585 nemus

394 1640 426 1665 „
468 1609 566 1654 Ore
606 1624 729 1656 nunc
768 1608 1009 1675 spernente
1051 1609 1236 1672 riden8‚
1280 1628 1405 1660 nunc·
1446 1612 1546 1660 levi
1587 1612 1738 1660 seeum
1782 1610 1893 1660 sono

392 1715 428 1750 ν
469 1683 797 1742 MurmuranS,
838 1685 1112 1750 crepansque
1157 1704 1302 1735 vanas
1341 1685 1622 1737 somniorum
1664 1686 1917 1754 imaginem,
1991 1736 1993 1738 ,
2031 1705 2126 1759 115

390 1792 425 1817 „
466 1756 818 1822 Languidusque
857 1775 1008 1818 nunc,
1047 1758 1352 1824 gemensque,
1394 1761 1709 1825 pallidusque,
1753 1780 1839 1809 ceu
1877 1757 2040 1822 miser,

389 1867 423 1892 „
461 1829 651 1895 Quique
692 1834 817 1879 Cura
857 1832 1011 1879 vifi‘tus
1051 1831 1175 1891 acri,
1217 1831 1391 1898 quique
1430 1834 1667 1900 desperans
1709 1836 1855 1901 stupet

391 1941 425 1965 ,‚
464 1905 641 1954 Perditi
682 1906 939 1956 transverso
980 1906 1173 1956 Amoris
1215 1925 1470 1973 occupatus
1511 1906 1721 1975 impetu.

389 2017 421 2042 ‚,
460 1983 605 2029 Mane
646 1980 796 2030 fulsit:
837 1982 913 2031 sed
956 2000 1042 2031 nec
1083 1982 1231 2031 Illum·
1269 1984 1392 2032 colle
1432 2000 1580 2043 noto,
1618 2002 1703 2032 nec
1744 1983 1830 2032 suae

388 2091 419 2115 ‚‚
459 2055 658 2104 Arboris
699 2056 800 2105 vidi
843 2058 923 2107 sub
966 2057 1156 2105 umbra:
1197 2074 1331 2105 mane
1373 2056 1568 2107 surrexit
1611 2077 1816 2108 novum:
2023 2076 2126 2111 120

389 2166 422 2192 „
464 2129 552 2178 Sed
593 2148 675 2179 nec
718 2131 863 2180 Illum
904 2132 1038 2192 fons,
1071 2149 1155 2181 nec
1193 2151 1303 2192 ora,
1344 2151 1429 2199 nec
1469 2133 1681 2201 frequens
1722 2134 1848 2183 dedit
1889 2149 2093 2201 nemu33

396 2241 430 2267 ,‚
470 2204 689 2254 Proxima
729 2206 802 2256 die
842 2206 1001 2256 solutis
1040 2208 1129 2256 rite
1166 2208 1300 2262 Justis
1343 2207 1506 2257 ordine

395 2316 427 2341 ‚,
466 2281 646 2329 Flebili
686 2300 863 2349 pompae
906 2283 1079 2332 sacrata
1126 2281 1330 2332 vidimus
1368 2285 1515 2333 latum
1554 2282 1677 2333 Via.

395 2391 427 2416 ‚,
465 2355 805 2424 Adpropinqua
829 2397 842 2420 ,
882 2361 929 2409 δε
970 2359 1057 2407 hoc
1097 2358 1319 2427 (legendi
1361 2377 1466 2408 nam
1505 2359 1700 2409 facultas
1740 2357 1803 2407 est
1844 2355 1979 2421 tibi)

389 2465 422 2494 ,‚
462 2431 691 2500 Sculptile
730 2433 979 2486 incubante
1018 2432 1152 2501 spino
1190 2437 1394 2485 Carmen
1433 2435 1644 2486 abditum
1684 2434 1813 2503 lege:
2024 2447 2118 2494 123

1900 2954 2049 3004 EPI-
