2284 3436
679 111 726 155 T
803 113 845 158 E
920 112 965 157 R
1042 113 1088 156 T
1167 112 1190 156 Ῑ
1268 112 1315 156 U
1392 118 1451 160 S.'

222 222 252 247 „
290 189 399 247 Jus,
444 183 625 233 violens
665 182 807 230 nimis
847 181 1066 241 infirmo,
1108 181 1437 249 infirmumque
1480 188 1686 237 valenti.

221 296 252 319 ‚‚
297 265 316 309 Ι
361 276 542 318 tamen,
584 261 630 308 δε
664 256 783 305 solus
821 258 1060 306 dominare
1100 259 1148 306 in
1190 273 1371 317 cetera,
1412 262 1457 306 δε
1498 262 1575 308 uni

220 371 252 393 „
294 335 552 392 Praestanri,
593 333 720 391 face,
760 332 801 381 se
842 333 1032 382 subdant
1075 333 1206 383 simul
1248 333 1404 382 omnia
1448 336 1635 395 Menti,
1853 361 1952 394 200

217 448 249 472 „
281 414 470 475 Propter
510 411 584 467 &,
627 407 874 458 Instine'tus
913 427 1026 475 quas
1066 409 1257 476 fimplex
1298 410 1523 476 protulit,
1568 416 1706 459 Artes

216 521 247 545 „
288 488 389 533 Ceu
430 488 607 551 Regem
651 499 694 530 te
737 484 879 530 Terra
920 485 1070 540 colat,
1115 501 1195 531 ceu
1236 489 1425 534 Numen
1466 488 1667 553 adoret.'
1698 524 1710 546 ,

284 563 397 608 Haec
440 560 518 607 ubi
560 557 681 605 dic‘ta
722 558 850 606 dedit
891 557 1094 622 primum
1137 561 1348 606 Natura:
1393 578 1580 623 repente

295 635 524 683 Mortales
564 633 751 681 struCtas
794 631 967 680 dociles
1008 631 1161 679 coiere
1207 650 1284 697 per
1325 632 1499 681 Urbes:

292 708 387 756 Hic
428 727 620 775 parvum
666 706 768 757 tolli
808 705 1095 772 Imperium:
1135 706 1419 755 concrescere
1458 707 1585 773 juxta
1846 733 1940 778 205

283 783 477 832 Artibus
517 783 674 831 iisdem
715 781 869 831 aliud:
910 800 990 847 per
1031 782 1224 831 Amoris
1265 799 1544 848 utrumque,
1587 785 1836 852 Metusque

285 860 489 907 Vincula
531 857 778 924 conjungi.
823 858 983 906 Pomis
1015 875 1115 905 erat
1155 859 1291 905 arbor
1328 860 1487 907 onusta

294 935 391 980 Hic
434 934 618 1000 magis?
658 932 775 982 unda
816 931 918 982 illic
962 933 1012 981 in
1053 932 1182 981 rivos
1225 932 1382 999 purior
1422 934 1550 983 ibat?

281 1009 421 1067 Quod
464 1025 678 1074 poterant
717 1026 873 1074 rapere
916 1013 1088 1066 Arma,
1132 1008 1302 1058 dabant
1344 1011 1671 1074 Commercia‚
1715 1015 1848 1081 seque

280 1082 509 1130 Praebebat
551 1083 730 1131 rediens
756 1121 768 1142 ‚
812 1083 890 1147 qui
934 1099 1120 1130 venerat
1162 1084 1348 1141 Hostis,
1392 1086 1643 1137 Amicum.
1845 1109 1942 1139 210

281 1155 435 1214 Usus,
478 1162 719 1221 Amorque
763 1161 923 1205 Genus
963 1156 1180 1205 vinetum
1223 1158 1413 1207 mortale
1461 1162 1710 1227 tenebant,

288 1235 413 1279 Cum
453 1234 582 1290 Lex,
623 1234 813 1280 Naturae
844 1270 859 1293 ,
897 1231 1138 1291 Libertas,
1178 1233 1287 1281 esset
1328 1236 1550 1284 Amoris.

285 1308 431 1354 Ortus
473 1307 547 1355 hic
588 1307 834 1376 Imperiis3
876 1307 1089 1375 ignotum
1131 1326 1302 1358 nomen
1342 1325 1440 1359 erat
1479 1315 1618 1374 Rex,

283 1381 483 1431 Utilitas
524 1382 670 1431 donec
712 1383 994 1432 Communis
1037 1382 1231 1432 tradidit
1271 1402 1411 1434 omne

275 1457 352 1511 Jus
392 1457 500 1516 uni,
542 1460 586 1506 ὃ(
629 1457 793 1506 Virtus
833 1457 924 1506 sola
967 1459 1141 1506 artibus
1182 1477 1317 1525 apta,
1362 1461 1436 1508 vel
1477 1462 1616 1510 armis
1833 1486 1930 1529 215

281 1533 548 1597 Propulsare
592 1534 751 1591 Mala,
791 1549 870 1582 aut
912 1533 1063 1581 fontes
1103 1536 1278 1599 aperire
1321 1538 1588 1595 Bonorum,

277 1606 368 1654 Illa
409 1608 567 1656 eadem
610 1606 802 1667 Virtus,
844 1625 982 1676 quam
1025 1608 1143 1657 Nati
1186 1608 1235 1657 in
1279 1612 1414 1659 Patre
1456 1611 1706 1675 colebant,

277 1682 482 1747 Subje&i
527 1688 702 1749 Regem
744 1683 910 1749 Populi
953 1683 1079 1732 dedit
1122 1685 1210 1733 effe
1257 1688 1531 1738 Parentem.

278 1755 488 1821 Quisque
534 1777 558 1806 a
599 1762 780 1806 Natura
819 1762 1061 1806 Procerum
1103 1759 1362 1810 dlademate
1403 1764 1583 1812 emerus

274 1831 467 1896 Imperii
509 1832 752 1881 crescentis
792 1849 888 1881 erat
930 1836 1062 1892 Rex,
1104 1849 1244 1900 atque
1283 1838 1530 1897 Sacerdos,
1831 1859 1930 1893 220

275 1908 341 1953 Et
383 1910 544 1956 Pater:
589 1907 673 1955 Ille
714 1907 797 1955 suae
837 1910 978 1958 Mens
1018 1909 1158 1958 altera
1200 1910 1395 1975 provida
1434 1914 1591 1979 genti:

275 1981 364 2027 Ille
403 1983 544 2031 oculo
585 1985 764 2051 Leges,
809 1984 854 2030 8<
901 1983 1058 2050 lingua
1103 1986 1275 2034 Oracla
1315 1986 1521 2037 ferebat:

271 2055 362 2103 Ille
402 2057 540 2106 etiam
585 2058 801 2108 attonitis
844 2059 999 2124 epulas
1039 2078 1272 2127 erumpere
1315 2061 1480 2122 sulcis,

275 2132 550 2196 Imperitare
606 2133 754 2201 igni,
814 2133 979 2182 fluvios
1023 2135 1238 2186 cohibere
1282 2137 1506 2198 minaceS,

271 2207 337 2254 Et
380 2209 557 2256 trahere
597 2208 816 2275 aequoreis
859 2207 1094 2258 latitantia
1140 2212 1341 2260 monstra
1373 2213 1452 2261 sub
1492 2214 1662 2276 undis,
1820 2232 1916 2279 225

272 2285 436 2347 Atque
477 2284 702 2351 Aquilam
745 2284 793 2334 in
833 2300 973 2333 terras
1013 2286 1170 2335 docuit
1212 2287 1434 2338 deducere
1476 2292 1614 2340 caelo.

268 2356 414 2406 Illum
459 2362 645 2409 tandem
686 2379 885 2429 aegrum,
926 2363 972 2409 δε
1012 2363 1291 2412 moribundo
1336 2382 1524 2430 corpore
1567 2365 1761 2415 fra5‘tum

271 2431 529 2484 Fleverunt
568 2439 798 2487 Homines
836 2436 1121 2501 Hominem,
1163 2457 1299 2505 quem
1341 2443 1529 2490 Numen
1571 2441 1825 2491 habebant:

273 2508 402 2555 Tum
444 2529 651 2560 veterum
692 2513 854 2562 seriem
893 2514 1078 2562 Patrum
1118 2513 1415 2566 lustrantibus
1456 2535 1573 2566 unus

1817 136 1876 191 35

1717 526 1729 548 Ὶ

267 2582 492 2632 Inventus
537 2589 740 2654 Magnus
783 2593 917 2637 Pater
955 2588 1048 2648 est,
1089 2589 1356 2656 cune‘tisque
1396 2592 1645 2661 colendus;
1820 2605 1922 2649 230

270 2656 563 2725 Irruptamve
604 2680 685 2728 per
721 2682 801 2714 ora
839 2661 1006 2712 Fidem
1045 2664 1219 2715 Totius
1258 2665 1411 2736 Origo
1454 2665 1475 2733 (
1514 2685 1533 2715 1
1568 2667 1587 2733 )

1112 2742 1155 2789 E
1237 2761 1264 2794 2
1683 2747 1726 2792 A
1767 2743 1851 2789 Pa·

177 2912 199 2959 (
228 2924 243 2950 1
274 2913 294 2962 )
319 2914 469 2954 Creatio
497 2916 629 2958 Mundi
659 2930 723 2969 per
751 2919 997 2961 'tradicionem
1021 2920 1196 2972 cognita,
